3024 5162
684 389 750 456 295

131 574 226 634 quum
251 557 372 620 Bactrus
395 559 433 620 sit
453 563 537 624 Cxus
560 564 611 636 (cl.
636 561 866 636 4551557165
889 555 924 626 ἐκ
946 551 1107 645 Βάκτρων
1125 545 1291 639 perlatos

129 652 318 742 ποταμός),
353 667 515 740 appellatus
543 666 662 728 nomine
688 666 767 727 illius
790 666 878 740 (Plin.
896 663 992 740 618.
1015 665 1093 727 Curt
1111 663 1140 739 7,
1156 667 1192 738 4)
1214 665 1294 727 tuter

129 766 241 828 duvios
264 784 299 828 cx
323 769 431 843 quibus
454 770 579 844 primum
605 770 734 830 nascitur
756 777 938 844 augeturque
950 769 1041 841 Oxus,
1064 768 1114 842 qui
1131 775 1160 826 et
1170 775 1290 842 propter

129 869 217 931 urbis
240 872 345 932 lamam
374 873 459 932 cuius
486 873 602 932 moenia
628 871 776 946 praeteriit
802 873 993 946 dignissimus
1021 879 1101 932 esset
1127 878 1156 929 et
1178 885 1291 932 merca-

130 973 248 1033 toribus
270 990 325 1048 per
348 975 443 1036 Oxum
465 976 496 1034 iu
519 975 657 1050 Caspium
680 991 760 1034 auare
782 975 987 1049 navigantibus
1003 975 1054 1048 (ol.
1068 975 1171 1037 Strabo
1184 973 1213 1046 2,
1225 971 1289 1034 427

129 1091 193 1138 555.
217 1077 378 1138 Patroclcm
401 1077 645 1152 acclinata.)
667 1077 842 1138 utilissimus
864 1078 904 1138 ita
926 1086 958 1136 ut
979 1085 1082 1152 postea
1102 1077 1188 1136 aliam
1210 1077 1291 1156 apud
1341 1087 1345 1091 ·

127 1181 244 1242 Arabes
277 1197 337 1242 non
370 1198 436 1242 raro
470 1197 579 1242 nomen
612 1182 739 1241 traheret
767 1181 848 1240 Oxus
880 1182 917 1239 ab
944 1181 1016 1240 urhe
1039 1181 1130 1240 Balkh
1156 1178 1291 1252 (laubert

127 1281 722 1359 19555.15555Α5155511115495).
769 1283 887 1344 Accedit
913 1285 993 1359 quod
1025 1285 1092 1344 licet
1119 1297 1195 1356 quae
1228 1281 1288 1356 pei·

128 1403 212 1448 mum
240 1387 397 1448 Alexandri
426 1386 534 1446 milites
562 1387 734 1448 nuntiabant
762 1386 968 1462 distinguenda
998 1387 1057 1448 sint
1086 1387 1121 1446 ab
1148 1385 1185 1444 iis
1212 1401 1288 1459 quae

127 1507 223 1564 quum
250 1507 348 1552 rerum
377 1498 525 1564 gestarum
552 1491 779 1552 commentarios
808 1490 929 1550 ederent
955 1489 1145 1564 Theophrasti
1169 1490 1289 1550 demum

82 1599 88 1604 “
126 1601 223 1654 aelate
246 1595 337 1654 lectos
360 1594 411 1668 (cl.
433 1595 483 1653 Tlr.
508 1597 535 1654 ln.
560 1596 598 1668 pl.
615 1596 645 1668 4,
663 1592 692 1668 7,
709 1591 737 1655 3.
755 1594 786 1667 4,
802 1594 831 1652 4.
849 1593 877 1654 9.
902 1611 926 1652 5.
950 1595 989 1668 pl.
1006 1593 1035 1666 2,
1053 1590 1200 1667 ateio.)
1216 1607 1289 1650 cou-

126 1697 242 1758 iectura
263 1705 367 1771 postea
389 1698 536 1757 doctiores
559 1701 709 1772 adderent,
732 1699 876 1758 laxantem
899 1705 994 1756 tamen
1020 1679 1097 1770 quod
1122 1709 1230 1754 nomen
1250 1695 1288 1755 alt

127 1800 238 1863 accolis
274 1800 360 1874 primi
398 1809 572 1875 acceperant
604 1803 779 1862 Macedones
814 1799 987 1873 (Aristobul.
1011 1813 1056 1869 ap.
1080 1798 1144 1856 Arr.
1166 1794 1195 1871 3,
1217 1794 1284 1870 30),

130 1917 230 1964 errore
260 1904 320 1962 iam
359 1911 477 1977 recepto
515 1920 574 1963 non
609 1902 775 1962 adulatione
809 1903 893 1963 cuius
923 1900 1169 1960 inconsideratius
1197 1915 1286 1975 saepe

128 2006 286 2076 Alexandri
313 2006 436 2066 comites
465 2007 568 2067 Strabo
595 2006 690 2080 arguit
717 2006 763 2080 (2,
778 2003 851 2064 427.
868 2003 932 2062 424
947 2003 1019 2074 eto.)
1046 2019 1099 2076 pro
1125 2003 1213 2064 Tanai
1235 2005 1287 2064 ha·

128 2105 234 2166 baisse
259 2122 310 2166 eos
337 2108 446 2168 indicio
474 2108 545 2168 illud
581 2117 626 2170 est
659 2111 738 2183 quod
771 2109 847 2168 idem
876 2107 933 2166 iam
961 2105 1032 2164 dixit
1053 2105 1226 2166 Aristotcles
1248 2105 1286 2167 de

125 2210 226 2268 Araxe
252 2211 281 2270 in
303 2211 475 2272 Maeotidem
505 2213 599 2274 deleto
625 2229 680 2286 per
709 2210 826 2270 Tanaim
854 2205 941 2282 (350,
958 2207 999 2266 24
1023 2209 1059 2266 51.
1083 2208 1206 2266 candem
1229 2205 1290 2264 lla-1

125 2313 222 2372 cataei
244 2313 413 2388 opinionem
437 2316 514 2389 apud
538 2311 826 2390 emundantem
850 2314 895 2371 cd.
920 2310 1078 2384 Mainake),
1102 2309 1141 2370 ita
1165 2317 1198 2368 ut
1219 2309 1287 2377 licet

123 2416 165 2474 ab
188 2431 297 2476 oceano
321 2424 485 2492 separatum
510 2415 647 2490 Caspium
675 2417 746 2477 illud
773 2431 852 2474 mare
880 2414 941 2472 sive
962 2412 1140 2486 Hyrcanium
1171 2403 1287 2492 liparae

124 2533 197 2578 esse
231 2520 320 2580 sciret
352 2537 411 2580 non
445 2510 624 2582 95155555
659 2519 793 2590 (Meteon.
815 2515 844 2588 1,,
861 2513 911 2575 13.
928 2511 1000 2586 351,
1016 2510 1046 2573 8.
1068 2511 1098 2584 2,
1115 2511 1144 2570 1.
1160 2510 1233 2585 354,
1249 2509 1285 2584 3)

125 2639 197 2680 cum
219 2623 362 2684 Maeotide
385 2633 481 2702 tamen
508 2622 694 2682 coniunctum
717 2625 841 2694 putaret.
886 2617 987 2690 Neque
1002 2616 1203 2676 Aristobulum
1219 2615 1286 2674 Pto·

124 2727 276 2788 lemaeum
298 2735 472 2801 ceterosque
499 2724 577 2799 ragis
604 2723 727 2782 comites
751 2723 786 2782 de
810 2721 915 2794 Caspio
939 2719 1040 2778 oceani
1067 2717 1194 2778 borealis
1218 2717 1285 2776 sinu

125 2829 276 2904 cogitasse
300 2831 382 2904 (nam
405 2847 480 2905 quae
504 2831 540 2888 de
562 2825 723 2886 Heraclidis
745 2825 774 2884 in
799 2823 904 2898 Caspio
927 2822 1000 2882 mari
1020 2821 1203 2894 navigatione
1215 2836 1286 2880 con·

125 2931 257 3008 silioque
284 2932 440 2994 Alexandri
473 2932 616 2994 mittentis
650 2928 775 3004 explicat
800 2923 1032 2998 5155155716,
1067 2939 1100 2982 aa
1128 2939 1163 2982 ex
1189 2923 1285 2997 ipsius

126 3035 280 3110 opinione,
310 3037 345 3096 cl.
367 3032 396 3108 5,
418 3032 446 3096 5.
468 3034 519 3108 26,
554 3037 591 3096 ab
618 3030 822 3094 Alexandrinis
857 3036 975 3102 accepta
1006 3027 1136 3102 loquitur
1168 3025 1286 3100 illisque

125 3140 271 3214 supponit
286 3139 366 3212 dcta)
390 3157 427 3198 ex
450 3157 484 3200 eo
507 3138 641 3212 sequitur
663 3136 743 3210 orrod
765 3133 851 3192 ctiam
874 3133 972 3207 paullo
995 3138 1098 3204 postea
1120 3130 1285 3206 Polycletus

125 3257 211 3302 mare
234 3243 290 3302 hoc
313 3233 429 3325 λίμνην
448 3259 517 3302 5555
539 3240 689 3300 contendit
716 3237 810 3298 dulcis
833 3251 926 3311 aquae
946 3234 985 3295 ita
1007 3241 1105 3294 tamen
1127 3241 1160 3292 ut
1181 3232 1285 3292 Tanais

125 3361 211 3404 ramo
246 3347 373 3419 quodam
406 3347 436 3405 in
464 3343 638 3406 Maeotidena
671 3348 786 3402 ineante
821 3356 887 3398 cum
909 3338 1002 3398 Ponto
1036 3337 1226 3396 coniunctum
1249 3336 1287 3396 stt

127 3449 250 3522 (Strabo
266 3448 296 3521 2,
311 3445 375 3509 427
389 3465 435 3523 sq.
460 3449 495 3508 cl.
519 3435 661 3521 951551.
685 3463 710 3504 5.
733 3444 912 3517 Polycletum
935 3441 1061 3500 refutare
1084 3439 1196 3500 studuit
1217 3440 1287 3497 Era-

126 3553 282 3612 tosthenes
306 3553 399 3613 Strab.
417 3554 435 3611 l.
452 3553 507 3624 c.):
532 3566 619 3624 quarn
642 3547 773 3606 omnium
796 3545 986 3604 Macedonum
1009 3541 1179 3615 opinionem
1193 3540 1286 3600 luisse

127 3654 234 3714 Strabo
272 3655 378 3716 asserit
415 3655 458 3714 ab
497 3669 532 3712 eo
567 3667 686 3728 quoque
722 3649 873 3724 probatam
912 3647 962 3721 qui
995 3646 1026 3704 iu
1060 3644 1192 3720 epistolis
1230 3645 1286 3704 sul)

127 3759 287 3818 Alexandri
309 3759 388 3834 regis
400 3757 519 3818 nomine
532 3756 619 3816 editis
642 3756 732 3829 (quas
745 3751 862 3825 saepius
875 3751 943 3810 citat
953 3749 1064 3810 Plinius
1077 3749 1113 3808 cl.
1127 3746 1156 3823 6,
1168 3747 1286 3821 21515.)

128 3863 268 3922 haustum
292 3862 389 3937 Caspii
417 3859 506 3920 maris
535 3859 650 3920 dulcem
677 3871 744 3916 5555
767 3854 895 3930 prodidit
918 3851 1135 3928 (atinate).
1181 3852 1287 3912 Contra

128 3966 224 4026 sensit
245 3966 395 4026 Patrocles
416 3962 534 4023 Seleuci
557 3970 586 4023 et
607 3960 741 4021 Antiochi
775 3973 877 4033 regum
911 3957 1014 4016 classis
1036 3958 1201 4030 praelectus
1224 3955 1286 4014 lieri

129 4084 222 4142 posse
249 4077 405 4129 autumans
438 4074 471 4126 ut
502 4082 538 4126 ex
564 4065 663 4124 Indico
695 4063 768 4125 inari
795 4063 824 4120 in
860 4061 998 4136 Caspium
1026 4059 1159 4120 eiusdem
1186 4056 1287 4117 oceani

130 4183 244 4245 partem
267 4170 453 4232 circumvecti
475 4169 646 4245 pervenient
669 4166 790 4240 (Strabo
807 4161 969 4238 2,442.1,
986 4161 1074 4236 118),
1097 4177 1184 4236 quam
1207 4157 1288 4218 navi·

133 4278 281 4351 gationem
314 4277 350 4336 ah
384 4291 420 4334 co
454 4289 555 4333 revera
593 4272 754 4331 institutam
787 4284 854 4328 esse
891 4268 988 4342 inepte
1026 4264 1144 4339 scripsit
1176 4263 1288 4322 Plinius

132 4379 179 4456 (6,
195 4379 262 4454 21).
309 4379 444 4440 Ceterum
471 4393 508 4436 ex
534 4375 581 4434 lais
608 4375 745 4434 omnibus
774 4380 926 4432 auctorum
952 4378 1085 4432 actarum
1111 4367 1288 4429 testimoniis

131 4485 204 4548 illud
231 4483 365 4560 sequitur
391 4480 611 4560 gravissimum,
645 4479 773 4540 eundem
803 4476 889 4552 plane
916 4474 1085 4536 1115551515
1112 4476 1205 4538 luisse
1233 4478 1288 4540 Oxi
