3072 5164
681 365 722 424 49

124 529 161 584 cl.
185 543 211 585 s.
234 527 390 604 Diogenes,
414 529 543 605 itamar,
567 535 739 594 Aristoteles
761 539 847 610 etc),
879 553 968 612 quum
991 555 1080 614 porro
1108 542 1180 600 haee
1206 555 1281 615 quae

123 628 201 686 inter
223 645 255 688 se
278 631 385 690 similia
408 649 443 691 ex
465 648 525 692 uno
548 643 666 694 auctore
682 637 788 696 Suidas
804 641 960 699 manifesto
976 641 1095 701 exhibet
1109 643 1146 700 ad
1158 629 1279 701 uerbum

124 731 310 790 consentiant
332 749 400 792 cum
423 737 568 809 excerptis
591 737 649 796 illis
672 739 739 796 licet
761 747 791 798 et
812 742 914 814 paucis
936 749 965 800 et
987 745 1079 802 multo
1094 743 1279 802 brevionibus

124 831 189 890 sinc
213 833 293 891 omni
315 835 427 895 ratione
450 844 479 894 et
501 839 625 897 consilio
647 855 684 898 ex
706 843 810 900 eodem
833 859 922 916 quern
944 844 1132 919 integriorem
1155 843 1280 904 servavit

123 934 232 993 Suidas
259 936 402 1010 scriptore
429 939 513 997 lactis
540 948 570 998 et
595 941 634 1000 ita
663 943 782 1016 quidem
810 943 892 1002 lactis
919 952 952 1004 ut
978 953 1080 1004 auctor
1105 962 1159 1018 pro
1186 945 1278 1004 lubito

122 1037 170 1094 rel
192 1037 290 1110 ipsum
312 1055 400 1112 quem
423 1040 452 1098 in
476 1040 522 1098 his
545 1058 705 1117 numquam
728 1045 834 1104 Snidas
856 1046 988 1106 nominat
1009 1047 1167 1121 Diogenem
1191 1049 1279 1105 Lacr-

121 1137 196 1196 tium
220 1140 284 1196 suh.
298 1157 324 1197 v.
348 1139 537 1200 Antisthenes
565 1143 684 1203 citatum
710 1147 853 1206 adhibens
880 1148 986 1222 longos
1014 1164 1051 1207 ex
1078 1164 1114 1207 eo
1136 1149 1218 1206 locos
1241 1149 1278 1204 tle

121 1240 367 1314 philosophorum
404 1243 536 1304 doctrina
573 1247 624 1318 (ci.
649 1263 674 1327 s.¹
698 1247 831 1320 Aristot,
865 1248 1068 1323 Antisthenes,
1101 1249 1275 1318 Heraclitus,

121 1341 300 1416 Leucippus,
313 1343 525 1418 Xenophanes)
541 1349 651 1407 notulis
664 1349 813 1409 historicis
824 1351 1021 1424 intersereret,
1044 1367 1136 1426 quum
1149 1351 1276 1425 denique

121 1445 197 1502 haec
219 1453 355 1518 excerpta
377 1446 513 1520 Hesychii
536 1463 645 1508 nomen
666 1467 735 1523 prae
760 1467 792 1517 se
815 1453 917 1524 lerant,
940 1452 1005 1526 ipse
1028 1467 1097 1512 vero
1120 1453 1227 1513 Suidas
1250 1469 1273 1511 s.

120 1545 247 1622 Hesych.
270 1547 357 1606 claris
380 1549 477 1606 verbis
500 1549 576 1607 dicat
597 1566 665 1610 esse
689 1569 776 1612 suum
803 1553 898 1626 ipsius
926 1569 1002 1628 opus
1023 1555 1159 1630 Hesychii
1182 1555 1276 1628 epito-

120 1663 189 1706 men
212 1681 254 1690 -—
276 1665 344 1707 nam
366 1649 662 1725 Pseudohesychiana
683 1654 732 1712 illa
748 1656 878 1714 nondum
892 1657 1009 1730 cogiuta
1023 1659 1164 1720 habuisse
1178 1677 1275 1736 neque

119 1748 241 1808 Suidam
274 1765 371 1824 neque
399 1752 559 1811 Eudociam
585 1753 677 1813 cuivis
708 1757 886 1829 comparanti
913 1766 991 1831 patet
1013 1793 1068 1833 -‚
1103 1761 1160 1820 iam
1184 1781 1273 1838 supra

119 1865 239 1908 omnem
262 1849 472 1912 dubitationem
495 1863 629 1914 constare
651 1857 797 1930 reperitur
817 1858 905 1916 vimm
917 1841 1062 1935 Anonymi
1074 1864 1274 1937 llenagianam

119 1967 188 2010 esse
221 1951 358 2028 Hesychii
391 1955 514 2028 illustris
548 1955 627 2014 illins
660 1957 764 2016 Milesii
798 1961 990 2040 grammatici,
1025 1963 1075 2036 qui
1109 1958 1302 2026 sccundum'

120 2055 240 2114 Suidam
274 2056 330 2114 sub
363 2046 518 2115 Anastasio
551 2057 609 2114 iarn
640 2057 743 2117 vivens
773 2061 955 2134 composuit
967 2052 1273 2150 Ὀνοματολόγονῆ

119 2146 245 2216 πίνακα
272 2154 337 2216 τῶν
364 2147 398 2218 ἓν
425 2147 610 2240 παιδάρι’
593 2158 787 2236 conuocatis
813 2179 871 2236 quo
898 2173 1015 2238 praeter
1040 2167 1274 2243 philosophosa

117 2257 249 2331 Diogene
270 2266 448 2318 memoratos
470 2261 543 2320 alios
567 2277 684 2335 quoque
708 2270 736 2322 et
753 2265 932 2324 recentiores
954 2268 1034 2325 velut
1055 2277 1170 2343 praeter
1185 2269 1272 2344 Apol-

118 2360 231 2420 lonium
265 2362 448 2435 Tyanensem
480 2363 633 2422 Philonem
654 2364 797 2422 Judaeum
829 2365 1005 2426 Numenium
1039 2369 1165 2446 Sibyllae
1198 2372 1271 2430 alios

118 2477 194 2534 quos
217 2470 354 2536 excerpta
375 2463 499 2538 Hesych.
512 2465 630 2539 habent,
654 2466 880 2540 Neoplatonicos
903 2485 1022 2544 quoquc
1044 2487 1119 2555 quos
1135 2452 1272 2531 omittunt

118 2564 295 2636 (ettamen
323 2580 347 2622 s.
375 2565 511 2640 Hypatia;
543 2584 558 2625 e
586 2568 731 2627 contrario
758 2569 864 2627 omittit
892 2573 1035 2644 quaedam
1062 2574 1168 2632 Suidas
1197 2591 1272 2648 quae

117 2668 221 2726 habuit
241 2667 309 2726 Hes.
337 2669 417 2726 velut
443 2668 617 2728 Numenium
642 2672 714 2742 etc.)
747 2672 900 2744 amplexus
928 2681 986 2744 ast,
1021 2683 1094 2733 usus
1116 2675 1146 2734 in
1173 2676 1221 2734 his
1244 2683 1272 2734 et

116 2769 270 2844 Porphyrii
292 2769 415 2828 historia
436 2771 639 2846 philosophice
662 2773 712 2845 (cl.
737 2772 906 2844 s.'Homer.,
930 2773 1064 2846 Hesion,
1076 2776 1270 2850 Pherecydes,

115 2872 325 2944 Empedocles,
354 2873 504 2946 Socrates,
532 2875 567 2931 cl.
591 2876 702 2947 Euuap.
725 2891 753 2948 p.
770 2871 805 2946 3;
839 2888 874 2931 cx
902 2873 959 2931 alio
988 2874 1122 2934 eiusdem
1149 2878 1222 2935 libro
1246 2894 1270 2936 s.

116 2973 307 3047 Ammonius)
339 2981 369 3033 et
402 2955 555 3046 humescit,
581 2991 655 3049 quae
687 2976 720 3032 in
750 2975 967 3048 Neoplatonicis
1000 2977 1126 3036 manime
1158 2987 1272 3038 versata

117 3077 234 3135 videtur
260 3077 301 3148 (s.
324 3077 498 3149 Domninus,
522 3077 631 3150 Doroa)
665 3078 790 3151 aliisque
822 3076 931 3150 passim
967 3077 1159 3152 scriptoribus
1193 3081 1272 3140 velut

117 3179 256 3238 Characis
289 3178 420 3237 historiis
459 3180 505 3251 (s.
539 3180 677 3254 Homer.)
715 3178 891 3238 Philostrato
928 3179 1070 3239 Aristocle
1107 3181 1272 3241 Alexandro

116 3279 302 3354 polyhistore
325 3280 405 3351 eliis,
433 3295 493 3353 quo
519 3283 623 3340 codem
650 3282 738 3340 etiam
760 3296 848 3354 opere
870 3288 987 3354 practer
1007 3281 1201 3356 philosophos
1224 3299 1272 3342 so-

116 3384 231 3456 phistas
254 3376 457 3455 grammaticos
484 3391 587 3456 poetas
615 3385 701 3442 ctiam
729 3382 907 3441 clarissimos
935 3383 1116 3456 omninoque
1138 3392 1272 3445 auctores

118 3487 251 3544 celebres
278 3485 501 3564 comprehendit
532 3487 577 3558 (in
601 3486 721 3546 comicis
745 3485 863 3558 quidem
886 3483 1027 3541 Athenaei
1048 3483 1174 3542 maxime
1197 3500 1273 3559 opus

116 3585 296 3660 respiciens)
317 3571 454 3644 annones
477 3593 572 3646 mmen
596 3587 810 3646 ecclesiasticos
833 3585 989 3643 secludens
1011 3599 1071 3642 non
1094 3585 1159 3642 sine
1180 3585 1224 3642 ira
1246 3595 1274 3645 et

117 3686 350 3761 reprehensione
375 3687 484 3746 Suidae
504 3689 555 3762 qni
577 3697 676 3746 mmen
698 3701 808 3762 paucos
830 3691 943 3744 tantum
965 3685 1030 3758 ipse
1052 3685 1164 3744 addidit
1179 3687 1274 3759 (velut

116 3792 260 3850 loannem
273 3788 486 3848 Damascenum
498 3798 527 3849 et
541 3798 656 3849 ceteros
666 3791 804 3860 loannes,
816 3787 1027 3862 Apollinarium
1036 3790 1116 3864 etc),
1141 3791 1274 3850 scribens

117 3893 239 3967 paridem
261 3889 310 3948 ille
332 3897 365 3948 ut
387 3893 474 3950 credo
496 3893 652 3952 iustiniani
667 3890 850 3966 temporibus
866 3891 906 3962 (c.
923 3887 1001 3963 550)
1017 3892 1170 3950 hominurn
1186 3909 1273 3966 quam

117 3993 313 4069 plurimorum
335 3993 467 4066 aequalis
490 4003 573 4053 sexto
595 3995 696 4056 seculo
719 3992 882 4051 eruditione
905 3994 1048 4053 clarorum
1061 3993 1150 4051 uelut
1172 3994 1273 4053 Tribo-

117 4096 199 4156 niani
223 4096 275 4167 (de
288 4111 347 4168 qno
360 4095 424 4169 ipse
436 4113 459 4154 s.
469 4112 495 4154 r.
507 4096 761 4168 Pseudohesych.)
786 4094 926 4168 Simplicii
939 4095 1028 4167 etqui
1041 4095 1130 4153 huius
1141 4101 1280 4184 tempore

119 4207 221 4258 contra
249 4198 386 4255 Proclum
412 4197 504 4256 libros
531 4196 649 4270 scripsit
670 4213 687 4253 a
710 4195 860 4269 Simplicio
886 4204 1131 4254 commemoratos
1151 4196 1273 4255 loannis

119 4299 301 4376 grammatici
336 4299 388 4370 (de
416 4314 475 4370 quo
491 4323 494 4328 ·
509 4315 584 4374 quae
613 4315 637 4356 s.
665 4298 787 4356 Procius
820 4297 908 4354 hahet
934 4296 1016 4355 Suid.
1047 4297 1114 4370 ipse
1147 4297 1273 4371 addidit)

117 4407 272 4476 praeterea
306 4401 445 4473 Stephani
480 4403 547 4476 (qui
574 4399 696 4472 Eugenii
729 4413 816 4471 quem
844 4398 874 4455 in
906 4397 1102 4470 grammaticis
1129 4399 1275 4472 excerpsit

163 4525 230 4567 lloee
249 4517 278 4565 de
291 4515 359 4564 libris
372 4515 512 4564 Aristotelis.
632 4511 636 4520 ’
1051 4499 1071 4554 4
