3072 5164
808 309 850 372 26

253 477 347 542 1819.
371 478 637 556 praesentet)
671 481 833 543 doctrinam
867 483 903 542 de
930 481 1062 544 numeris
1092 481 1287 556 dialecticam,
1321 483 1351 542 id
1378 491 1408 544 ut

254 582 366 656 Legum
399 593 570 659 argumento
608 583 702 644 ultimi
731 585 830 658 operis
858 593 1000 658 repugnat
1037 591 1067 642 et
1099 583 1200 644 nititur
1237 584 1405 646 coniectura

254 699 291 742 ex
313 683 477 746 Aristotelis
510 686 676 746 Platonicae
709 687 858 746 doctrinae
892 687 1055 746 secundnm
1083 686 1295 760 discipulorum
1320 689 1407 748 ratio-

254 799 308 842 nes
341 788 525 848 enarratione
562 788 651 862 petita
687 795 912 862 ceterorumque
949 787 1166 848 Platonicorum
1197 789 1279 848 libris
1312 791 1407 850 Plato-

254 885 300 942 nis
332 886 463 948 idearnm
495 890 656 948 doctrinam
695 891 813 964 proprio
851 906 965 964 suoque
1004 897 1111 950 corratn
1143 891 1407 952 demonstrantium
1526 967 1527 976 ἵ

253 987 436 1063 dialogisquo
459 992 524 1052 eins
540 992 623 1065 quasi
640 980 810 1074 ἀγράφους
825 983 1002 1066 συνουσίας
1017 991 1225 1066 exponentium
1241 992 1353 1052 firmata
1365 1025 1408 1036 --

253 1088 325 1148 nihil
359 1093 437 1150 enim
465 1094 494 1152 in
523 1095 598 1152 hanc
626 1109 687 1152 rem
716 1094 784 1154 lacit
810 1096 886 1154 male
913 1095 1059 1154 intellecta
1085 1092 1212 1152 narratio
1239 1093 1407 1156 Aristoxeni
1526 1115 1527 1118 ¹

252 1189 349 1250 Herm.
366 1193 399 1266 tt,
423 1212 451 1268 p.
468 1191 508 1254 31
533 1195 618 1254 llleib.
646 1196 684 1256 de
710 1194 862 1269 discipulis
889 1196 1089 1270 metaphysica
1111 1194 1240 1254 Platonis
1268 1195 1407 1254 debono

252 1292 402 1352 doctrinae
428 1296 464 1355 ab
487 1297 581 1356 ethica
603 1313 638 1356 ea
660 1313 748 1370 qnam
776 1297 837 1356 lere
859 1303 1100 1370 exspectaverant
1125 1296 1292 1356 remotioris
1314 1297 1408 1356 subli-

252 1393 351 1452 mitate
383 1397 543 1471 perculsis,
575 1398 748 1472 praesertim
782 1415 872 1472 quum
906 1398 983 1457 idem
1013 1398 1077 1472 ipsa
1105 1399 1186 1458 Plato
1214 1399 1251 1456 de
1273 1397 1407 1456 idearum

252 1495 384 1556 doctrina
406 1498 483 1558 dieat
505 1499 614 1560 Phileb.
631 1497 672 1560 15
695 1508 767 1560 extr.
813 1501 896 1561 Nulla
923 1498 1012 1574 igitur
1038 1499 1093 1559 init
1114 1498 1244 1558 Platonis
1272 1498 1406 1558 doctrina

251 1593 452 1669 praeteream
474 1616 549 1673 quae
572 1601 709 1661 omnibus
731 1602 815 1663 libris
838 1610 937 1676 aperte
959 1600 1064 1662 tradita
1086 1608 1174 1660 estet
1187 1607 1328 1676 perpetua
1343 1601 1406 1660 lero

252 1714 369 1772 unaque
391 1701 557 1762 continetur
579 1705 711 1764 oratione
733 1706 769 1763 ad
785 1705 917 1764 idearum
932 1702 1236 1762 lidemexhortatoria.
1268 1701 1407 1762 Ceterum

251 1799 287 1858 dc
310 1799 439 1862 Platonis
461 1803 644 1879 dialogorum
666 1807 837 1868 auctoritate
859 1805 1000 1866 iudicium
1023 1819 1059 1864 eo
1082 1803 1208 1865 maxime
1231 1804 1408 1864 dillicileest

250 1903 329 1973 quod
352 1920 443 1976 qnnnr
466 1913 496 1964 et
517 1908 697 1968 Menexenus
720 1916 749 1968 et
770 1907 890 1981 Hippias
916 1906 1014 1965 minor
1038 1905 1111 1964 satis
1133 1905 1207 1966 levis
1230 1906 1314 1978 pretii
1337 1905 1405 1967 libri

250 2033 291 2043 ·—
314 2013 383 2062 sont
405 2007 483 2066 enirn
506 2010 646 2093 rhetoris¹
660 2009 754 2082 magis
777 2008 906 2069 Platonis
933 2005 1039 2081 dialogi
1062 2023 1149 2080 quom
1172 2007 1338 2081 philosophi
1361 2037 1404 2048 --
1470 2036 1476 2044 ¹

249 2104 414 2166 Aristotelis
440 2109 611 2168 auctoritate
637 2111 690 2170 tuti
718 2121 785 2170 esse
811 2110 1022 2183 intelligantur,
1050 2124 1126 2181 qnae
1153 2108 1272 2182 quidem
1300 2109 1404 2166 eadem

250 2213 348 2264 manet
369 2208 525 2268 auctoritas
552 2210 666 2270 etiamsi
693 2220 815 2286 quartus
838 2209 1101 2285 Metaphysioorum
1129 2211 1204 2268 liber
1225 2226 1286 2268 non
1307 2210 1404 2283 ipsios

249 2307 288 2368 sit
313 2307 479 2370 Aristotelis
512 2313 565 2371 sed
598 2312 780 2386 Peripatetici
814 2313 968 2373 cuiusdam
1002 2311 1110 2370 veteris
1145 2311 1282 2384 (Arabica
1304 2311 1402 2374 versio

250 2425 336 2484 qoam
375 2412 509 2486 sequitur
541 2413 687 2474 Arerrohs
722 2415 844 2489 Hippiae
877 2429 986 2475 nomen
1020 2412 1140 2472 omnino
1172 2413 1403 2488 praetermittit),

248 2512 399 2573 latissimis
420 2513 554 2574 terminis
576 2515 602 2573 si
624 2531 691 2576 cum
714 2516 771 2575 illis
794 2517 913 2576 ultimus
935 2516 1027 2574 libros
1043 2514 1257 2587 comparaveris
1273 2513 1402 2575 Platonis

248 2614 407 2687 scriptione
430 2616 547 2676 delinita
571 2617 685 2678 calteria
708 2620 768 2678 lere
792 2625 979 2678 evanescunt.
1017 2616 1118 2690 Neque
1139 2616 1218 2674 enim
1236 2617 1297 2676 nlla
1311 2633 1403 2676 causa

248 2717 363 2778 videtur
384 2733 441 2776 cnr.
459 2733 528 2791 non,
552 2719 578 2780 si
600 2719 730 2794 hippias,
754 2721 840 2780 etiarn
863 2719 1028 2782 Alcibiades
1040 2719 1064 2776 ll
1086 2725 1115 2777 et
1129 2719 1261 2791 'l'beages
1277 2719 1401 2792 (dequo

248 2819 320 2878 nihil
351 2819 464 2879 dubitat
491 2821 610 2896 Dionys.
633 2823 666 2880 ll.
683 2825 716 2895 V,
732 2820 805 2884 405.
834 2822 929 2882 Albin.
945 2838 971 2879 c.
988 2817 1023 2893 5)
1047 2819 1195 2893 ceterique
1222 2819 1296 2877 adeo
1323 2836 1400 2892 quos

248 2929 404 2982 recensent
430 2924 600 2998 Thrasyllus
627 2932 657 2984 ct
683 2925 863 3000 hercyllidcs
890 2921 1109 2998 tetralogiarum
1131 2928 1266 2982 ancwres
1287 2920 1398 2993 (Athin.

246 3025 353 3083 introd.
377 3040 402 3083 c.
419 3023 455 3095 6)
483 3057 524 3066 -
546 3023 617 3082 nihil
645 3025 723 3084 enim
751 3025 916 3100 impediunt
937 3023 1100 3085 sententiae
1121 3022 1195 3096 ipsis
1218 3023 1279 3083 lere
1301 3026 1401 3086 verbis

248 3125 400 3197 repetitae,
428 3126 507 3199 qnod
535 3125 673 3184 omnibns
699 3127 761 3185 iere
786 3126 955 3186 rhetoribus
978 3139 1134 3186 commune
1156 3130 1215 3196 est,
1249 3127 1285 3184 ol.
1309 3129 1398 3187 isocr.

247 3228 293 3288 ad.
307 3227 429 3300 Philipp.
441 3225 483 3287 84
496 3243 540 3300 sq.
558 3235 587 3286 et
601 3243 683 3301 egr.
698 3228 786 3286 lsocr.
800 3227 908 3288 Nicocl.
922 3223 1005 3288 5-9
1018 3248 1053 3276 =
1068 3245 1106 3288 π.
1119 3214 1226 3288 datad.
1239 3225 1398 3302 eta-57,

247 3329 283 3388 el.
307 3331 448 3404 Panegyr.
469 3328 611 3402 ‹tn—tm
647 3329 780 3402 Xenoph.
805 3330 924 3389 lllemor.
943 3329 974 3402 4,
994 3326 1025 3402 8,
1047 3325 1131 3392 6-8
1145 3350 1180 3378 =
1196 3329 1278 3402 Apol.
1304 3330 1398 3396 2-9.

247 3432 283 3490 cl.
308 3433 344 3492 de
367 3421 544 3506 Antiphonte
567 3431 704 3504 Spengel.
727 3430 787 3490 Art.
811 3446 868 3490 scr.
886 3428 957 3503 109,
986 3431 1023 3490 de
1050 3430 1247 3490 Demosthene
1269 3431 1400 3494 Wester-

247 3553 334 3596 mann
359 3535 413 3604 Qu
437 3534 586 3596 Demosth.
610 3550 638 3606 p.
655 3529 726 3592 115.
745 3529 806 3592 159
830 3531 991 3592 atomoiao
1006 3549 1034 3606 p.
1051 3529 1230 3604 133-166,
1246 3541 1275 3594 et
1290 3534 1399 3610 inipso

247 3639 366 3696 Platone
389 3638 498 3696 Criton.
515 3633 557 3696 13
569 3636 721 3694 :Phaed
739 3632 791 3706 58,
813 3634 935 3707 Apolog.
952 3631 992 3692 19
1016 3619 1396 3712 (rnoag.1'28)=·rrong.

246 3737 309 3799 316
325 3747 379 3798 ete.
403 3771 444 3780 -
467 3738 524 3798 iam
546 3738 649 3812 primis
670 3735 876 3796 Alexandrinis
898 3742 965 3794 ante
988 3735 1211 3810 Aristophanem
1233 3739 1329 3811 (quod
1345 3738 1398 3800 nti-

246 3841 313 3900 nois
335 3839 435 3899 notitia
458 3841 577 3914 prohat)
602 3839 664 3900 noti
691 3853 795 3898 omnes
819 3852 873 3911 pro
901 3836 978 3896 veris
1006 3846 1035 3897 ct
1061 3838 1199 3912 genuinis
1225 3839 1397 3914 habeantur,

245 3942 416 4016 praesertim
440 3959 529 4016 quum
553 3940 682 4001 Platonis
705 3941 796 4000 libros
824 3946 924 4012 utpote
946 3939 975 3998 in
999 3940 1053 3998 hae
1076 3956 1108 4000 re
1130 3948 1159 4000 et
1179 3941 1216 4000 ab
1239 3940 1400 4015 Hippocra-

244 4044 300 4104 teis
323 4044 573 4118 Democriteisque
595 4050 663 4102 ante
684 4041 898 4100 Alexandrinos
920 4057 936 4098 a
959 4042 1195 4115 paucis-tantum
1217 4042 1302 4102 lectis
1317 4051 1347 4102 et
1361 4045 1399 4104 ab

243 4146 436 4206 Aristotelicis
459 4146 593 4207 diversos
614 4143 762 4204 continuis
785 4144 846 4203 lere
868 4142 1083 4204 Platonicorum
1106 4144 1156 4220 qui
1178 4143 1264 4218 primi
1281 4144 1400 4206 luerunt

245 4250 429 4322 expositores
462 4247 531 4308 lieet
566 4244 767 4306 mathematico
798 4244 924 4304 maxime
951 4252 1128 4319 quaerentes
1155 4246 1344 4320 Reipublicae
1371 4256 1401 4308 et

245 4350 352 4412 Timaei
376 4351 529 4426 usquead
552 4347 765 4410 Alexandrinos
787 4356 816 4410 et
838 4349 1060 4410 Eratosthenem
1082 4348 1206 4411 alterum
1229 4349 1311 4426 illum
1335 4350 1400 4410 Pla·
