3072 5164
665 364 707 426 20

106 534 222 594 indices
244 535 341 594 traditi
364 535 436 596 salso
452 535 518 594 eius
533 535 652 594 aoniae
671 534 829 610 inscriptos
844 537 936 595 luisse
951 551 1135 609 censeamus,
1159 551 1263 596 omnes

107 635 221 696 scilicet
247 637 314 696 illos
342 638 392 712 qui
420 639 457 696 de
483 639 588 696 eodem
609 645 781 712 argumento
808 638 908 713 plures
933 646 1126 698 recensentur
1146 639 1263 714 Peripa-

47 795 50 798 .
107 739 265 796 tetieerum
286 741 350 798 sive
372 738 466 796 variae
488 739 679 798 recensiones
703 739 764 798 sive
785 740 1021 812 abbreviationes
1048 740 1111 800 sive
1132 740 1263 814 integrae

108 839 263 900 cuiusdam
290 839 461 916 discipliuae
488 840 661 914 compendia
687 850 948 916 excerptammque
971 843 1181 904 sententiarum
1202 844 1249 902 eol
1306 877 1310 883 -

107 942 269 1013 lectiones,
307 945 439 1002 locorum
476 950 627 1016 praeterea
664 945 812 1003 decianae
851 943 1042 1017 singularium
1062 945 1263 1004 -monnbiblus

108 1059 223 1117 eosque
245 1024 349 1104 omnes
372 1045 423 1118 qui
445 1052 496 1104 aut
517 1043 651 1104 nituntur
662 1045 828 1107 Aristotelis
850 1045 926 1104 vitae
949 1046 1025 1104 lama
1039 1045 1068 1104 in
1084 1045 1120 1104 iis
1136 1046 1263 1105 maxime

108 1161 186 1218 quae
215 1147 250 1203 ad
274 1147 424 1206 Platonem
452 1147 624 1220 megistrmu
652 1153 681 1206 ct
702 1147 898 1207 Alexandrum
927 1147 1104 1221 discipulum
1131 1155 1264 1222 spectant

108 1255 259 1321 corrupta,
292 1250 373 1307 velut
398 1249 531 1322 dialogos
562 1263 636 1322 quas
665 1251 829 1308 secundum
855 1249 1084 1309 Platonicorum.
1105 1249 1205 1308 multis
1232 1249 1263 1308 in

107 1349 199 1406 rebus
223 1350 457 1424 scriptorumque
480 1351 660 1424 argumentis
688 1350 830 1410 similium
856 1352 1023 1424 exemplum
1046 1352 1263 1425 Theophrastus

108 1457 235 1524 etpost
260 1467 329 1512 eum
357 1451 540 1526 Peripatetici
574 1468 751 1526 componere
778 1453 914 1512 solebant
940 1460 970 1510 et
996 1452 1087 1510 libros
1116 1453 1264 1511 doetrinae

109 1555 318 1627 compendium
355 1561 492 1628 gerentes
525 1555 560 1612 ad
594 1554 791 1614 Alexandrum
830 1553 1021 1627 epistolarum
1058 1556 1146 1612 modo
1179 1556 1264 1614 datos

107 1655 210 1714 multis
233 1656 291 1714 illis
315 1655 396 1714 falsis
424 1653 537 1714 similes
560 1655 743 1730 Hippocratis
771 1657 809 1712 ed
829 1655 1029 1714 Ptolemaeum
1054 1671 1155 1730 regem
1177 1663 1207 1716 et
1228 1659 1264 1716 ad

107 1757 288 1830 Antigonum
316 1755 425 1815 Dioclis
459 1757 510 1829 (ci.
534 1756 684 1816 Fabricius
712 1757 748 1814 de
770 1757 856 1830 llipp.
879 1771 904 1814 e.
922 1755 974 1816 26.
999 1757 1071 1816 bibl.
1096 1759 1145 1816 Gr.
1168 1759 1191 1816 ll
1218 1761 1264 1818 cd.

108 1859 187 1916 Harl.
211 1859 395 1916 Boissonade
417 1858 526 1917 Aneed.
543 1860 588 1930 ΙΙΙ,
601 1857 673 1918 422.
698 1857 834 1916 Wenricb
857 1859 894 1916 ds
916 1863 991 1916 auct.
1016 1859 1063 1916 Gr.
1086 1873 1162 1916 vers.
1186 1860 1264 1918 arab.

109 1959 173 2021 107
192 1977 257 2034 sqq.
286 1957 349 2019 138
365 1975 430 2034 sqq.
462 1975 517 2018 nce
542 1975 608 2018 raro
635 1959 715 2032 apud
740 1959 872 2018 medicos
900 1959 1010 2018 Arabes
1037 1958 1201 2019 Aristotelis
1228 1963 1265 2020 ad

108 2063 190 2120 Alex.
203 2062 328 2136 epistola
340 2062 445 2120 citatur
455 2061 491 2120 ct.
505 2062 635 2120 Mesuem
648 2078 676 2134 p.
689 2057 752 2120 236
765 2062 792 2119 d.
807 2058 869 2120 253
881 2062 909 2120 b.
923 2063 968 2120 ed.
982 2062 1083 2120 Venet.
1097 2059 1180 2122 1581
1193 2065 1265 2136 etc.)

109 2171 160 2224 aut
182 2163 389 2238 Peripateticae
412 2162 580 2236 scriptionis
604 2177 711 2236 genera
733 2162 926 2237 philologioae
947 2163 1041 2237 magis
1064 2171 1093 2222 et
1111 2165 1266 2225 historicae

110 2281 198 2340 qiam
221 2265 442 2340 philosophicae
465 2271 585 2339 propter
605 2264 685 2323 varia
705 2264 794 2324 huius
817 2265 938 2324 rationis
961 2265 991 2323 in
1014 2265 1169 2326 Aristotele
1185 2267 1266 2327 initia

110 2370 142 2426 iu
164 2367 263 2443 ipsum
284 2368 456 2442 magistrum
478 2368 609 2426 referum
631 2368 733 2440 quales
757 2373 827 2424 sunt
849 2367 914 2425 libri
938 2383 1042 2424 omnes
1066 2368 1195 2426 historici
1215 2370 1265 2443 qrri

110 2478 161 2530 aut
183 2471 372 2546 physiconrm
398 2478 547 2530 oratorum
574 2475 725 2542 poetarum
754 2469 914 2528 sententias
942 2467 1075 2542 vitasque
1099 2478 1151 2528 aut
1173 2469 1266 2528 civilia

110 2573 244 2634 instituta
266 2574 412 2646 ludosque
433 2570 569 2645 publicos
592 2571 706 2645 aliaque
728 2569 923 2644 grammaticis
946 2585 1012 2628 cara
1034 2579 1265 2645 persequuntur;

110 2675 221 2748 quibus
253 2674 397 2733 accedunt
430 2688 505 2746 quae
531 2688 636 2746 agmen
663 2673 803 2732 claudunt
829 2673 971 2746 epistolae
999 2680 1028 2731 et
1054 2673 1195 2746 caucina,
1230 2688 1266 2733 oe

112 2781 183 2836 haee
206 2776 325 2850 quidem
347 2776 384 2834 ab
406 2775 525 2834 homine
548 2764 841 2855 heinricheshoven
864 2776 984 2847 (Athen.
998 2772 1049 2845 15,
1062 2773 1139 2848 696)
1160 2777 1266 2834 abhor-

110 2879 214 2938 rentia.
260 2877 340 2946 Quae
375 2876 494 2950 quidem
528 2875 627 2934 omnia
646 2877 777 2949 'propter
809 2884 1014 2950 argumentum
1047 2893 1082 2936 ex
1110 2877 1265 2938 Aristotele

112 2981 237 3054 eiusque
272 2979 425 3055 discipulis
457 2980 596 3038 baustum
624 2993 715 3050 quum
742 2992 843 3036 revera
869 2978 1033 3038 Aristotelis
1060 2995 1148 3054 quem
1175 2980 1267 3054 expli·

112 3090 212 3142 carent
238 3090 268 3142 et
294 3081 324 3140 in
347 3080 512 3140 studiorum
540 3095 629 3138 usum
656 3078 818 3152 expilarent
844 3081 944 3154 potius
971 3088 1073 3140 essent
1095 3098 1182 3155 quam
1205 3081 1267 3140 edi-

112 3194 208 3244 tomm
231 3199 445 3258 anonymorum
466 3183 513 3240 vel
526 3183 562 3240 ab
574 3181 730 3240 Aristotele
745 3181 811 3255 ipso
827 3183 936 3257 scripta
948 3183 1081 3258 epistolis
1094 3182 1267 3257 prooemiis-

113 3303 172 3362 que
194 3288 232 3345 ad
253 3287 450 3344 Alexandrum
473 3283 644 3358 praemissis
667 3284 765 3344 dedita
787 3299 876 3358 opere
892 3286 1079 3360 tingerentur,
1102 3285 1267 3346 Aristotelis

113 3389 196 3449 libris
230 3388 259 3446 in
288 3388 473 3448 bibliothecis
507 3386 620 3445 adiecta
653 3386 747 3445 fuisse
772 3401 826 3460 par
853 3395 911 3446 est:
950 3405 1009 3462 quo
1038 3391 1144 3447 factum
1167 3395 1268 3448 estut

115 3491 192 3550 sicut
211 3491 405 3572 ¹llernccritiea
427 3497 456 3549 et
478 3488 678 3562 hippocratica
700 3489 849 3561 paullatim
864 3489 969 3563 ingens
985 3491 1120 3548 evaderet
1136 3489 1268 3548 collectio

114 3593 305 3652 Aristotelica.
350 3594 413 3651 Non
447 3607 516 3650 vero
550 3591 682 3664 neglecta
715 3590 808 3648 fuisse
841 3589 871 3648 in
904 3590 985 3648 libris
1018 3592 1224 3651 coacervandis
1251 3609 1267 3650 a

114 3695 281 3754 Ptolemaeo
304 3681 496 3768 Philadelpho
515 3693 772 3767 Peripateticorum
795 3692 871 3750 sicut
892 3700 974 3766 pater
996 3695 1107 3752 fautore
1130 3701 1159 3752 et
1181 3695 1269 3754 disci-

114 3797 184 3870 pulo
208 3811 298 3870 opera
319 3795 494 3868 Aristotelis,
517 3795 688 3870 praesertim
713 3811 803 3868 quum
826 3795 921 3852 adhuc
944 3803 974 3854 et
995 3813 1012 3854 a
1034 3797 1218 3871 philosophis
1241 3804 1270 3855 et

113 3899 151 3957 ab
173 3897 322 3956 historicis
345 3897 396 3969 (cl.
419 3895 776 3972 Tim.ap.Polyb.12‚9;
793 3895 848 3970 123
859 3897 911 3956 24.
929 3900 1092 3959 Philochor.
1105 3917 1151 3973 ep.
1164 3899 1268 3958 Athen.

114 3999 166 4072 14,
179 3998 258 4072 656)
282 3997 416 4058 studiose
438 4001 614 4072 legerentur,
638 4001 694 4058 hoc
716 4007 745 4058 et
762 4015 798 4058 ex
813 4000 880 4074 ipsa
895 4017 926 4060 re
944 4002 1079 4076 sequitur
1090 4011 1118 4062 et
1130 4008 1269 4060 causans

114 4103 193 4175 apud
223 4108 338 4162 veteres
365 4099 441 4158 sama
468 4106 618 4159 asseverat
644 4101 790 4173 (Atheni
811 4119 840 4176 p.
853 4102 882 4160 2.
911 4097 1046 4162 Ammon.
1065 4104 1131 4162 Seh.
1149 4101 1201 4174 28,
1217 4098 1268 4161 43.

114 4204 204 4264 David
222 4203 291 4264 Seb.
307 4197 360 4272 28,
376 4198 442 4275 14).
499 4201 639 4271 Quamvis
667 4202 755 4277 igitur
783 4206 854 4264 laisa
879 4206 937 4264 ianr
964 4213 1031 4264 ante
1064 4209 1120 4265 hoe
1152 4213 1269 4278 tempus

113 4305 249 4381 plurima,
272 4303 372 4364 omnia
393 4319 462 4362 vero
487 4305 570 4364 tertio
593 4321 619 4362 a.
644 4304 711 4363 Chr.
734 4308 835 4366 secum
861 4315 894 4364 ut
916 4307 1023 4380 scripta
1051 4307 1090 4364 ita
1112 4307 1141 4364 in
1164 4307 1270 4365 biblio-

112 4410 229 4468 tboeam
251 4405 478 4466 Alexandrinam
506 4407 626 4466 collecta
653 4406 759 4465 suerint
782 4441 823 4450 --
845 4425 912 4466 nam
935 4409 1053 4467 Politias
1082 4409 1139 4466 iam
1161 4409 1270 4468 Timaei
