<?xml version="1.0" encoding="UTF-8"?>
<!DOCTYPE html PUBLIC "-//W3C//DTD XHTML 1.0 Transitional//EN"
    "http://www.w3.org/TR/xhtml1/DTD/xhtml1-transitional.dtd">
<html xmlns="http://www.w3.org/1999/xhtml" xml:lang="en" lang="en">
 <head>
  <title>
</title>
<meta http-equiv="Content-Type" content="text/html;charset=utf-8" />
  <meta name='ocr-system' content='tesseract 3.04.00' />
  <meta name='ocr-capabilities' content='ocr_page ocr_carea ocr_par ocr_line ocrx_word'/>
</head>
<body>
  <div class='ocr_page' id='page_1' title='image "./dearistotelisli01rosegoog_0209.png"; bbox 0 0 3024 5162; ppageno 0'>
   <div class='ocr_carea' id='block_1_1' title="bbox 798 365 863 436">
    <p class='ocr_par' dir='ltr' id='par_1_1' title="bbox 798 365 863 436">
     <span class='ocr_line' id='line_1_1' title="bbox 798 365 863 436; baseline 0.062 -4"><span class='ocrx_word' id='word_1_1' title='bbox 798 365 863 436; x_wconf 79' lang='grc'>202</span> 
     </span>
    </p>
   </div>
   <div class='ocr_carea' id='block_1_2' title="bbox 260 525 1400 627">
    <p class='ocr_par' dir='ltr' id='par_1_2' title="bbox 260 525 1400 627">
     <span class='ocr_line' id='line_1_2' title="bbox 260 525 1400 627; baseline -0.016 -13"><span class='ocrx_word' id='word_1_2' title='bbox 260 539 375 613; x_wconf 79' lang='lat' dir='ltr'>(nullus</span> <span class='ocrx_word' id='word_1_3' title='bbox 396 543 475 610; x_wconf 83' lang='lat' dir='ltr'>euim</span> <span class='ocrx_word' id='word_1_4' title='bbox 496 552 594 612; x_wconf 86' lang='lat' dir='ltr'>mutus</span> <span class='ocrx_word' id='word_1_5' title='bbox 616 531 959 627; x_wconf 70' lang='grc'>55155155555555555</span> <span class='ocrx_word' id='word_1_6' title='bbox 981 537 1230 614; x_wconf 77' lang='lat' dir='ltr'>praeterluuelem</span> <span class='ocrx_word' id='word_1_7' title='bbox 1245 532 1277 609; x_wconf 88' lang='grc'>8,</span> <span class='ocrx_word' id='word_1_8' title='bbox 1293 530 1322 596; x_wconf 88' lang='grc'>7.</span> <span class='ocrx_word' id='word_1_9' title='bbox 1335 525 1400 603; x_wconf 82' lang='grc'>261,</span> 
     </span>
    </p>
   </div>
   <div class='ocr_carea' id='block_1_3' title="bbox 195 627 1488 4542">
    <p class='ocr_par' dir='ltr' id='par_1_3' title="bbox 195 627 1488 4542">
     <span class='ocr_line' id='line_1_3' title="bbox 259 627 1402 722; baseline 0.003 -16"><span class='ocrx_word' id='word_1_10' title='bbox 259 639 311 710; x_wconf 81' lang='lat'>31.</span> <span class='ocrx_word' id='word_1_11' title='bbox 327 643 414 711; x_wconf 78' lang='grc'>2615</span> <span class='ocrx_word' id='word_1_12' title='bbox 430 644 480 708; x_wconf 87' lang='grc'>28.</span> <span class='ocrx_word' id='word_1_13' title='bbox 504 649 538 708; x_wconf 83' lang='lat' dir='ltr'>el.</span> <span class='ocrx_word' id='word_1_14' title='bbox 556 645 585 721; x_wconf 86' lang='lat'>3,</span> <span class='ocrx_word' id='word_1_15' title='bbox 603 646 632 712; x_wconf 89' lang='lat'>1.</span> <span class='ocrx_word' id='word_1_16' title='bbox 647 648 736 714; x_wconf 82' lang='grc'>2005</span> <span class='ocrx_word' id='word_1_17' title='bbox 752 645 802 713; x_wconf 76' lang='lat' dir='ltr'>lt.</span> <span class='ocrx_word' id='word_1_18' title='bbox 819 643 892 719; x_wconf 84' lang='grc'>228,</span> <span class='ocrx_word' id='word_1_19' title='bbox 907 643 965 718; x_wconf 88' lang='grc'>20)</span> <span class='ocrx_word' id='word_1_20' title='bbox 995 644 1058 706; x_wconf 82' lang='lat' dir='ltr'>sive</span> <span class='ocrx_word' id='word_1_21' title='bbox 1082 634 1122 706; x_wconf 77' lang='lat' dir='ltr'>sti</span> <span class='ocrx_word' id='word_1_22' title='bbox 1149 631 1319 722; x_wconf 71' lang='grc'>0555555552</span> <span class='ocrx_word' id='word_1_23' title='bbox 1344 627 1402 709; x_wconf 63' lang='grc'>1616</span> 
     </span>
     <span class='ocr_line' id='line_1_4' title="bbox 259 729 1401 834; baseline 0.009 -24"><span class='ocrx_word' id='word_1_24' title='bbox 259 735 315 815; x_wconf 77' lang='lat' dir='ltr'>risi</span> <span class='ocrx_word' id='word_1_25' title='bbox 335 743 488 834; x_wconf 77' lang='grc'>65555555</span> <span class='ocrx_word' id='word_1_26' title='bbox 511 753 546 813; x_wconf 85' lang='grc'>51.</span> <span class='ocrx_word' id='word_1_27' title='bbox 564 751 593 825; x_wconf 93' lang='grc'>6,</span> <span class='ocrx_word' id='word_1_28' title='bbox 610 750 754 826; x_wconf 43' lang='grc'>5524)</span> <span class='ocrx_word' id='word_1_29' title='bbox 777 757 807 814; x_wconf 86' lang='lat' dir='ltr'>et</span> <span class='ocrx_word' id='word_1_30' title='bbox 827 744 866 816; x_wconf 84' lang='grc'>55</span> <span class='ocrx_word' id='word_1_31' title='bbox 889 737 1009 832; x_wconf 73' lang='grc' dir='ltr'><strong><em>ἀμερές</em></strong></span> <span class='ocrx_word' id='word_1_32' title='bbox 1025 750 1100 821; x_wconf 83' lang='lat' dir='ltr'>(nun</span> <span class='ocrx_word' id='word_1_33' title='bbox 1111 751 1210 821; x_wconf 70' lang='grc'>501601</span> <span class='ocrx_word' id='word_1_34' title='bbox 1230 729 1401 820; x_wconf 50' lang='lat' dir='ltr'>&amp;fitium</span> 
     </span>
     <span class='ocr_line' id='line_1_5' title="bbox 261 838 1402 934; baseline -0.006 -21"><span class='ocrx_word' id='word_1_35' title='bbox 261 838 401 914; x_wconf 75' lang='grc'>5155155</span> <span class='ocrx_word' id='word_1_36' title='bbox 425 850 556 934; x_wconf 79' lang='grc' dir='ltr'><strong><em>συνεχές</em></strong></span> <span class='ocrx_word' id='word_1_37' title='bbox 571 854 635 930; x_wconf 91' lang='grc'>6,1</span> <span class='ocrx_word' id='word_1_38' title='bbox 663 873 760 933; x_wconf 76' lang='lat' dir='ltr'>neque</span> <span class='ocrx_word' id='word_1_39' title='bbox 788 854 899 920; x_wconf 82' lang='lat' dir='ltr'>ruoveri</span> <span class='ocrx_word' id='word_1_40' title='bbox 925 853 1006 928; x_wconf 86' lang='grc'>5555</span> <span class='ocrx_word' id='word_1_41' title='bbox 1032 857 1079 912; x_wconf 85' lang='lat' dir='ltr'>est</span> <span class='ocrx_word' id='word_1_42' title='bbox 1103 849 1289 914; x_wconf 75' lang='lat' dir='ltr'>individuum</span> <span class='ocrx_word' id='word_1_43' title='bbox 1316 842 1402 918; x_wconf 89' lang='grc'>6,10.</span> 
     </span>
     <span class='ocr_line' id='line_1_6' title="bbox 261 942 1405 1036; baseline -0.005 -17"><span class='ocrx_word' id='word_1_44' title='bbox 261 955 348 1019; x_wconf 74' lang='lat' dir='ltr'>elus</span> <span class='ocrx_word' id='word_1_45' title='bbox 363 955 393 1018; x_wconf 88' lang='grc'>8.</span> <span class='ocrx_word' id='word_1_46' title='bbox 409 955 460 1020; x_wconf 85' lang='grc'>31.</span> <span class='ocrx_word' id='word_1_47' title='bbox 483 961 520 1021; x_wconf 84' lang='lat' dir='ltr'>el.</span> <span class='ocrx_word' id='word_1_48' title='bbox 537 967 566 1020; x_wconf 91' lang='lat' dir='ltr'>et</span> <span class='ocrx_word' id='word_1_49' title='bbox 578 959 610 1033; x_wconf 95' lang='grc'>6,</span> <span class='ocrx_word' id='word_1_50' title='bbox 627 957 655 1021; x_wconf 90' lang='grc'>5.</span> <span class='ocrx_word' id='word_1_51' title='bbox 672 957 760 1024; x_wconf 85' lang='grc'>2365</span> <span class='ocrx_word' id='word_1_52' title='bbox 776 957 827 1024; x_wconf 90' lang='grc'>17.</span> <span class='ocrx_word' id='word_1_53' title='bbox 843 954 916 1030; x_wconf 84' lang='grc'>234,</span> <span class='ocrx_word' id='word_1_54' title='bbox 931 956 1003 1030; x_wconf 80' lang='grc'>24),</span> <span class='ocrx_word' id='word_1_55' title='bbox 1037 947 1076 1016; x_wconf 82' lang='grc' dir='ltr'>τὸ</span> <span class='ocrx_word' id='word_1_56' title='bbox 1102 942 1358 1036; x_wconf 71' lang='grc' dir='ltr'>πεπερασμένον</span> <span class='ocrx_word' id='word_1_57' title='bbox 1381 955 1405 1008; x_wconf 82' lang='lat' dir='ltr'>ei</span> 
     </span>
     <span class='ocr_line' id='line_1_7' title="bbox 260 1041 1405 1142; baseline -0.011 -14"><span class='ocrx_word' id='word_1_58' title='bbox 260 1052 299 1128; x_wconf 78' lang='grc'>55</span> <span class='ocrx_word' id='word_1_59' title='bbox 321 1047 462 1142; x_wconf 54' lang='lat' dir='ltr'>&amp;stetque</span> <span class='ocrx_word' id='word_1_60' title='bbox 485 1064 536 1138; x_wconf 85' lang='lat' dir='ltr'>(el.</span> <span class='ocrx_word' id='word_1_61' title='bbox 554 1063 583 1136; x_wconf 92' lang='grc'>6,</span> <span class='ocrx_word' id='word_1_62' title='bbox 599 1063 641 1126; x_wconf 88' lang='grc'>10</span> <span class='ocrx_word' id='word_1_63' title='bbox 655 1065 704 1124; x_wconf 87' lang='lat' dir='ltr'>fin.</span> <span class='ocrx_word' id='word_1_64' title='bbox 721 1071 751 1124; x_wconf 90' lang='lat' dir='ltr'>et</span> <span class='ocrx_word' id='word_1_65' title='bbox 763 1061 794 1135; x_wconf 94' lang='grc'>8,</span> <span class='ocrx_word' id='word_1_66' title='bbox 810 1059 839 1122; x_wconf 93' lang='grc'>8.</span> <span class='ocrx_word' id='word_1_67' title='bbox 862 1052 1029 1141; x_wconf 74' lang='grc' dir='ltr'><strong><em>μεταβολὴ</em></strong></span> <span class='ocrx_word' id='word_1_68' title='bbox 1048 1049 1078 1122; x_wconf 80' lang='grc' dir='ltr'>δ’</span> <span class='ocrx_word' id='word_1_69' title='bbox 1093 1047 1151 1120; x_wconf 75' lang='grc' dir='ltr'>οὐκ</span> <span class='ocrx_word' id='word_1_70' title='bbox 1167 1048 1255 1120; x_wconf 74' lang='grc' dir='ltr'><strong><em>ἐστὶν</em></strong></span> <span class='ocrx_word' id='word_1_71' title='bbox 1274 1041 1405 1129; x_wconf 75' lang='grc'>5555515</span> 
     </span>
     <span class='ocr_line' id='line_1_8' title="bbox 261 1149 1406 1246; baseline -0.011 -16"><span class='ocrx_word' id='word_1_72' title='bbox 261 1149 403 1246; x_wconf 53' lang='lat' dir='ltr'>&amp;mmor</span> <span class='ocrx_word' id='word_1_73' title='bbox 421 1164 494 1239; x_wconf 76' lang='lat'>241,</span> <span class='ocrx_word' id='word_1_74' title='bbox 509 1165 560 1230; x_wconf 84' lang='grc'>26.</span> <span class='ocrx_word' id='word_1_75' title='bbox 583 1165 613 1240; x_wconf 94' lang='grc'>6,</span> <span class='ocrx_word' id='word_1_76' title='bbox 629 1167 658 1226; x_wconf 90' lang='grc'>2.</span> <span class='ocrx_word' id='word_1_77' title='bbox 675 1166 720 1242; x_wconf 93' lang='grc'>7).</span> <span class='ocrx_word' id='word_1_78' title='bbox 766 1167 838 1230; x_wconf 83' lang='lat' dir='ltr'>Nam</span> <span class='ocrx_word' id='word_1_79' title='bbox 871 1182 962 1240; x_wconf 84' lang='lat' dir='ltr'>quum</span> <span class='ocrx_word' id='word_1_80' title='bbox 996 1163 1093 1226; x_wconf 79' lang='lat' dir='ltr'>omnis</span> <span class='ocrx_word' id='word_1_81' title='bbox 1126 1159 1248 1226; x_wconf 83' lang='lat' dir='ltr'>muuuo</span> <span class='ocrx_word' id='word_1_82' title='bbox 1275 1159 1316 1220; x_wconf 85' lang='lat' dir='ltr'>sit</span> <span class='ocrx_word' id='word_1_83' title='bbox 1340 1156 1406 1217; x_wconf 79' lang='lat' dir='ltr'>eires</span> 
     </span>
     <span class='ocr_line' id='line_1_9' title="bbox 263 1259 1406 1342; baseline -0.013 -8"><span class='ocrx_word' id='word_1_84' title='bbox 263 1268 409 1336; x_wconf 75' lang='lat' dir='ltr'>contraria</span> <span class='ocrx_word' id='word_1_85' title='bbox 430 1265 475 1342; x_wconf 89' lang='grc'>(5,</span> <span class='ocrx_word' id='word_1_86' title='bbox 492 1267 520 1328; x_wconf 91' lang='grc'>1.</span> <span class='ocrx_word' id='word_1_87' title='bbox 537 1267 625 1334; x_wconf 85' lang='grc'>2255</span> <span class='ocrx_word' id='word_1_88' title='bbox 640 1268 670 1332; x_wconf 81' lang='grc'>3.</span> <span class='ocrx_word' id='word_1_89' title='bbox 693 1271 729 1330; x_wconf 87' lang='lat' dir='ltr'>el.</span> <span class='ocrx_word' id='word_1_90' title='bbox 745 1268 776 1342; x_wconf 92' lang='grc'>8,</span> <span class='ocrx_word' id='word_1_91' title='bbox 792 1267 821 1330; x_wconf 94' lang='grc'>7.</span> <span class='ocrx_word' id='word_1_92' title='bbox 839 1266 911 1341; x_wconf 91' lang='grc'>261,</span> <span class='ocrx_word' id='word_1_93' title='bbox 927 1264 978 1328; x_wconf 82' lang='grc'>32.</span> <span class='ocrx_word' id='word_1_94' title='bbox 994 1263 1083 1330; x_wconf 88' lang='grc'>2525</span> <span class='ocrx_word' id='word_1_95' title='bbox 1100 1263 1141 1328; x_wconf 94' lang='grc'>10</span> <span class='ocrx_word' id='word_1_96' title='bbox 1156 1270 1186 1327; x_wconf 85' lang='lat' dir='ltr'>ei</span> <span class='ocrx_word' id='word_1_97' title='bbox 1200 1260 1230 1336; x_wconf 92' lang='grc'>5,</span> <span class='ocrx_word' id='word_1_98' title='bbox 1247 1259 1286 1336; x_wconf 92' lang='grc'>5)</span> <span class='ocrx_word' id='word_1_99' title='bbox 1319 1259 1406 1333; x_wconf 74' lang='lat' dir='ltr'>initum</span> 
     </span>
     <span class='ocr_line' id='line_1_10' title="bbox 263 1365 1407 1448; baseline -0.003 -16"><span class='ocrx_word' id='word_1_100' title='bbox 263 1370 344 1434; x_wconf 83' lang='grc'>5555</span> <span class='ocrx_word' id='word_1_101' title='bbox 367 1371 473 1431; x_wconf 81' lang='lat' dir='ltr'>tinibus</span> <span class='ocrx_word' id='word_1_102' title='bbox 495 1373 684 1448; x_wconf 79' lang='lat' dir='ltr'>quietemque</span> <span class='ocrx_word' id='word_1_103' title='bbox 706 1372 861 1447; x_wconf 83' lang='lat' dir='ltr'>resipiens,</span> <span class='ocrx_word' id='word_1_104' title='bbox 885 1379 1047 1434; x_wconf 78' lang='lat' dir='ltr'>esttamen</span> <span class='ocrx_word' id='word_1_105' title='bbox 1070 1376 1167 1434; x_wconf 85' lang='lat' dir='ltr'>motus</span> <span class='ocrx_word' id='word_1_106' title='bbox 1183 1365 1234 1441; x_wconf 80' lang='lat' dir='ltr'>uui</span> <span class='ocrx_word' id='word_1_107' title='bbox 1250 1379 1343 1441; x_wconf 80' lang='lat' dir='ltr'>quum</span> <span class='ocrx_word' id='word_1_108' title='bbox 1357 1377 1407 1428; x_wconf 82' lang='lat' dir='ltr'>tur</span> 
     </span>
     <span class='ocr_line' id='line_1_11' title="bbox 265 1469 1408 1544; baseline -0.008 -10"><span class='ocrx_word' id='word_1_109' title='bbox 265 1473 303 1534; x_wconf 87' lang='lat' dir='ltr'>sit</span> <span class='ocrx_word' id='word_1_110' title='bbox 329 1475 541 1537; x_wconf 78' lang='lat' dir='ltr'>contrariorum</span> <span class='ocrx_word' id='word_1_111' title='bbox 578 1492 656 1536; x_wconf 90' lang='lat' dir='ltr'>uuus</span> <span class='ocrx_word' id='word_1_112' title='bbox 689 1476 727 1535; x_wconf 92' lang='lat' dir='ltr'>sit</span> <span class='ocrx_word' id='word_1_113' title='bbox 760 1483 789 1533; x_wconf 88' lang='lat' dir='ltr'>et</span> <span class='ocrx_word' id='word_1_114' title='bbox 821 1475 979 1536; x_wconf 82' lang='lat' dir='ltr'>continuus</span> <span class='ocrx_word' id='word_1_115' title='bbox 1010 1480 1040 1535; x_wconf 84' lang='lat' dir='ltr'>et</span> <span class='ocrx_word' id='word_1_116' title='bbox 1066 1469 1198 1533; x_wconf 86' lang='lat' dir='ltr'>infinitus</span> <span class='ocrx_word' id='word_1_117' title='bbox 1229 1470 1408 1544; x_wconf 82' lang='lat' dir='ltr'>temperent</span> 
     </span>
     <span class='ocr_line' id='line_1_12' title="bbox 265 1568 1409 1652; baseline -0.006 -16"><span class='ocrx_word' id='word_1_118' title='bbox 265 1583 414 1638; x_wconf 79' lang='grc'>55555555.</span> <span class='ocrx_word' id='word_1_119' title='bbox 435 1578 465 1644; x_wconf 86' lang='lat' dir='ltr'>in</span> <span class='ocrx_word' id='word_1_120' title='bbox 498 1593 586 1652; x_wconf 82' lang='lat' dir='ltr'>quem</span> <span class='ocrx_word' id='word_1_121' title='bbox 615 1586 715 1639; x_wconf 81' lang='lat' dir='ltr'>octavu</span> <span class='ocrx_word' id='word_1_122' title='bbox 749 1577 823 1638; x_wconf 87' lang='lat' dir='ltr'>liuro</span> <span class='ocrx_word' id='word_1_123' title='bbox 858 1578 1089 1638; x_wconf 75' lang='lat' dir='ltr'>demonstratum</span> <span class='ocrx_word' id='word_1_124' title='bbox 1122 1580 1152 1632; x_wconf 90' lang='lat' dir='ltr'>et</span> <span class='ocrx_word' id='word_1_125' title='bbox 1173 1571 1267 1647; x_wconf 85' lang='lat' dir='ltr'>quinti</span> <span class='ocrx_word' id='word_1_126' title='bbox 1302 1568 1366 1632; x_wconf 81' lang='lat' dir='ltr'><strong>libri</strong></span> <span class='ocrx_word' id='word_1_127' title='bbox 1386 1573 1409 1629; x_wconf 84' lang='lat' dir='ltr'>et</span> 
     </span>
     <span class='ocr_line' id='line_1_13' title="bbox 267 1678 1409 1756; baseline -0.007 -16"><span class='ocrx_word' id='word_1_128' title='bbox 267 1678 341 1740; x_wconf 85' lang='lat' dir='ltr'>sexti</span> <span class='ocrx_word' id='word_1_129' title='bbox 361 1679 460 1744; x_wconf 84' lang='lat' dir='ltr'>omnis</span> <span class='ocrx_word' id='word_1_130' title='bbox 482 1680 576 1740; x_wconf 85' lang='lat' dir='ltr'>tendit</span> <span class='ocrx_word' id='word_1_131' title='bbox 597 1679 764 1756; x_wconf 81' lang='lat' dir='ltr'>disputatio.</span> <span class='ocrx_word' id='word_1_132' title='bbox 809 1680 923 1743; x_wconf 81' lang='lat' dir='ltr'>Etenim</span> <span class='ocrx_word' id='word_1_133' title='bbox 950 1680 976 1738; x_wconf 89' lang='lat' dir='ltr'>si</span> <span class='ocrx_word' id='word_1_134' title='bbox 998 1691 1124 1740; x_wconf 84' lang='lat' dir='ltr'>neeesse</span> <span class='ocrx_word' id='word_1_135' title='bbox 1143 1682 1191 1734; x_wconf 91' lang='lat' dir='ltr'>est</span> <span class='ocrx_word' id='word_1_136' title='bbox 1212 1689 1330 1749; x_wconf 79' lang='lat' dir='ltr'>semper</span> <span class='ocrx_word' id='word_1_137' title='bbox 1350 1685 1409 1732; x_wconf 84' lang='lat' dir='ltr'>emt</span> 
     </span>
     <span class='ocr_line' id='line_1_14' title="bbox 266 1773 1409 1858; baseline -0.002 -20"><span class='ocrx_word' id='word_1_138' title='bbox 266 1787 379 1842; x_wconf 88' lang='lat' dir='ltr'>mutum</span> <span class='ocrx_word' id='word_1_139' title='bbox 401 1779 446 1854; x_wconf 91' lang='grc'>(8,</span> <span class='ocrx_word' id='word_1_140' title='bbox 463 1781 570 1858; x_wconf 93' lang='grc'>155),</span> <span class='ocrx_word' id='word_1_141' title='bbox 594 1785 692 1846; x_wconf 79' lang='lat' dir='ltr'>umnie</span> <span class='ocrx_word' id='word_1_142' title='bbox 719 1801 788 1844; x_wconf 89' lang='lat' dir='ltr'>veru</span> <span class='ocrx_word' id='word_1_143' title='bbox 812 1798 887 1857; x_wconf 87' lang='grc'>5555</span> <span class='ocrx_word' id='word_1_144' title='bbox 910 1787 1064 1844; x_wconf 83' lang='lat' dir='ltr'>murentur</span> <span class='ocrx_word' id='word_1_145' title='bbox 1090 1777 1170 1852; x_wconf 81' lang='lat' dir='ltr'>(sire</span> <span class='ocrx_word' id='word_1_146' title='bbox 1192 1784 1335 1853; x_wconf 79' lang='lat' dir='ltr'>perpetuu</span> <span class='ocrx_word' id='word_1_147' title='bbox 1357 1773 1409 1836; x_wconf 77' lang='grc'>555</span> 
     </span>
     <span class='ocr_line' id='line_1_15' title="bbox 267 1875 1408 1959; baseline -0.011 -14"><span class='ocrx_word' id='word_1_148' title='bbox 267 1883 307 1949; x_wconf 77' lang='lat' dir='ltr'>itu</span> <span class='ocrx_word' id='word_1_149' title='bbox 327 1891 360 1945; x_wconf 81' lang='lat' dir='ltr'>ut</span> <span class='ocrx_word' id='word_1_150' title='bbox 382 1887 499 1958; x_wconf 82' lang='grc'>555555</span> <span class='ocrx_word' id='word_1_151' title='bbox 531 1883 730 1959; x_wconf 67' lang='lat' dir='ltr'>quiescente,</span> <span class='ocrx_word' id='word_1_152' title='bbox 746 1883 781 1959; x_wconf 81' lang='grc'>3)</span> <span class='ocrx_word' id='word_1_153' title='bbox 814 1887 851 1947; x_wconf 89' lang='grc'>55</span> <span class='ocrx_word' id='word_1_154' title='bbox 878 1885 975 1957; x_wconf 79' lang='lat' dir='ltr'>utiquo</span> <span class='ocrx_word' id='word_1_155' title='bbox 1002 1889 1158 1945; x_wconf 85' lang='lat' dir='ltr'>moremur</span> <span class='ocrx_word' id='word_1_156' title='bbox 1179 1879 1229 1954; x_wconf 83' lang='lat'>(8,</span> <span class='ocrx_word' id='word_1_157' title='bbox 1243 1882 1279 1952; x_wconf 88' lang='grc'>4)</span> <span class='ocrx_word' id='word_1_158' title='bbox 1307 1885 1356 1942; x_wconf 74' lang='lat' dir='ltr'>uui</span> <span class='ocrx_word' id='word_1_159' title='bbox 1379 1875 1408 1936; x_wconf 86' lang='grc'>55</span> 
     </span>
     <span class='ocr_line' id='line_1_16' title="bbox 267 1978 1409 2063; baseline -0.009 -15"><span class='ocrx_word' id='word_1_160' title='bbox 267 1986 324 2049; x_wconf 81' lang='lat' dir='ltr'>alio</span> <span class='ocrx_word' id='word_1_161' title='bbox 356 1996 407 2048; x_wconf 74' lang='lat' dir='ltr'>eut</span> <span class='ocrx_word' id='word_1_162' title='bbox 437 2004 453 2050; x_wconf 97' lang='grc'>5</span> <span class='ocrx_word' id='word_1_163' title='bbox 476 2003 510 2046; x_wconf 86' lang='grc'>55</span> <span class='ocrx_word' id='word_1_164' title='bbox 532 1988 597 2062; x_wconf 89' lang='lat' dir='ltr'>ipsu</span> <span class='ocrx_word' id='word_1_165' title='bbox 621 2021 662 2032; x_wconf 84' lang='lat'>--</span> <span class='ocrx_word' id='word_1_166' title='bbox 684 2005 781 2063; x_wconf 83' lang='lat' dir='ltr'>neque</span> <span class='ocrx_word' id='word_1_167' title='bbox 808 1988 887 2052; x_wconf 85' lang='lat' dir='ltr'>enim</span> <span class='ocrx_word' id='word_1_168' title='bbox 912 1987 949 2048; x_wconf 91' lang='grc'>55</span> <span class='ocrx_word' id='word_1_169' title='bbox 977 1985 1074 2059; x_wconf 74' lang='lat' dir='ltr'>aliquo</span> <span class='ocrx_word' id='word_1_170' title='bbox 1102 1985 1159 2047; x_wconf 78' lang='lat' dir='ltr'>alio</span> <span class='ocrx_word' id='word_1_171' title='bbox 1182 1984 1281 2046; x_wconf 80' lang='lat' dir='ltr'>omuiu</span> <span class='ocrx_word' id='word_1_172' title='bbox 1303 1983 1334 2047; x_wconf 82' lang='lat' dir='ltr'>iu</span> <span class='ocrx_word' id='word_1_173' title='bbox 1352 1978 1409 2044; x_wconf 78' lang='lat' dir='ltr'>ini·</span> 
     </span>
     <span class='ocr_line' id='line_1_17' title="bbox 267 2080 1407 2166; baseline -0.003 -20"><span class='ocrx_word' id='word_1_174' title='bbox 267 2088 361 2156; x_wconf 81' lang='lat' dir='ltr'>nilum</span> <span class='ocrx_word' id='word_1_175' title='bbox 384 2089 436 2161; x_wconf 87' lang='lat' dir='ltr'>(ei.</span> <span class='ocrx_word' id='word_1_176' title='bbox 452 2087 526 2161; x_wconf 92' lang='grc'>256,</span> <span class='ocrx_word' id='word_1_177' title='bbox 542 2088 593 2151; x_wconf 88' lang='grc'>17.</span> <span class='ocrx_word' id='word_1_178' title='bbox 609 2088 666 2162; x_wconf 87' lang='grc'>28)</span> <span class='ocrx_word' id='word_1_179' title='bbox 699 2107 798 2166; x_wconf 86' lang='grc'>55555</span> <span class='ocrx_word' id='word_1_180' title='bbox 830 2092 935 2152; x_wconf 85' lang='lat' dir='ltr'>eudem</span> <span class='ocrx_word' id='word_1_181' title='bbox 968 2096 1051 2150; x_wconf 89' lang='lat' dir='ltr'>motu</span> <span class='ocrx_word' id='word_1_182' title='bbox 1084 2088 1194 2150; x_wconf 82' lang='lat' dir='ltr'>mereri</span> <span class='ocrx_word' id='word_1_183' title='bbox 1221 2101 1318 2161; x_wconf 86' lang='grc'>55555</span> <span class='ocrx_word' id='word_1_184' title='bbox 1339 2080 1407 2144; x_wconf 74' lang='lat' dir='ltr'>virio</span> 
     </span>
     <span class='ocr_line' id='line_1_18' title="bbox 267 2182 1483 2266; baseline -0.001 -14"><span class='ocrx_word' id='word_1_185' title='bbox 267 2198 395 2264; x_wconf 76' lang='lat' dir='ltr'><strong>possunt</strong></span> <span class='ocrx_word' id='word_1_186' title='bbox 421 2207 455 2249; x_wconf 86' lang='grc'>55</span> <span class='ocrx_word' id='word_1_187' title='bbox 481 2193 597 2260; x_wconf 81' lang='lat' dir='ltr'>diverso</span> <span class='ocrx_word' id='word_1_188' title='bbox 626 2190 728 2266; x_wconf 89' lang='grc'>(2565</span> <span class='ocrx_word' id='word_1_189' title='bbox 744 2191 794 2256; x_wconf 81' lang='grc'>30.</span> <span class='ocrx_word' id='word_1_190' title='bbox 812 2189 951 2264; x_wconf 88' lang='grc'>257,.25.</span> <span class='ocrx_word' id='word_1_191' title='bbox 975 2185 1361 2262; x_wconf 79' lang='grc'>51.241514.259,15),</span> <span class='ocrx_word' id='word_1_192' title='bbox 1385 2182 1409 2246; x_wconf 71' lang='lat' dir='ltr'>iil</span> <span class='ocrx_word' id='word_1_193' title='bbox 1482 2227 1483 2237; x_wconf 46' lang='lat'>1</span> 
     </span>
     <span class='ocr_line' id='line_1_19' title="bbox 269 2285 1407 2368; baseline -0.002 -16"><span class='ocrx_word' id='word_1_194' title='bbox 269 2292 350 2366; x_wconf 82' lang='grc'>5555</span> <span class='ocrx_word' id='word_1_195' title='bbox 383 2292 517 2366; x_wconf 87' lang='lat' dir='ltr'>sequitur</span> <span class='ocrx_word' id='word_1_196' title='bbox 543 2309 581 2355; x_wconf 80' lang='lat' dir='ltr'>eu</span> <span class='ocrx_word' id='word_1_197' title='bbox 605 2294 642 2352; x_wconf 91' lang='lat' dir='ltr'>iis</span> <span class='ocrx_word' id='word_1_198' title='bbox 675 2309 749 2368; x_wconf 88' lang='grc'>5555</span> <span class='ocrx_word' id='word_1_199' title='bbox 783 2295 819 2354; x_wconf 89' lang='grc'>55</span> <span class='ocrx_word' id='word_1_200' title='bbox 846 2293 960 2355; x_wconf 81' lang='lat' dir='ltr'>infinite</span> <span class='ocrx_word' id='word_1_201' title='bbox 987 2295 1131 2368; x_wconf 74' lang='lat' dir='ltr'>disputate</span> <span class='ocrx_word' id='word_1_202' title='bbox 1160 2302 1229 2357; x_wconf 87' lang='lat' dir='ltr'>sum</span> <span class='ocrx_word' id='word_1_203' title='bbox 1251 2291 1280 2365; x_wconf 89' lang='grc'>6,</span> <span class='ocrx_word' id='word_1_204' title='bbox 1296 2291 1324 2355; x_wconf 76' lang='grc'>2.</span> <span class='ocrx_word' id='word_1_205' title='bbox 1341 2285 1359 2352; x_wconf 90' lang='grc'>7</span> <span class='ocrx_word' id='word_1_206' title='bbox 1378 2286 1407 2350; x_wconf 81' lang='lat' dir='ltr'>ei·</span> 
     </span>
     <span class='ocr_line' id='line_1_20' title="bbox 269 2389 1486 2472; baseline 0.002 -20"><span class='ocrx_word' id='word_1_207' title='bbox 269 2391 298 2465; x_wconf 92' lang='grc'>6,</span> <span class='ocrx_word' id='word_1_208' title='bbox 315 2392 420 2456; x_wconf 84' lang='grc'>2065.</span> <span class='ocrx_word' id='word_1_209' title='bbox 445 2402 474 2456; x_wconf 84' lang='lat' dir='ltr'>ei</span> <span class='ocrx_word' id='word_1_210' title='bbox 496 2393 654 2469; x_wconf 87' lang='grc'>237525,</span> <span class='ocrx_word' id='word_1_211' title='bbox 689 2413 724 2456; x_wconf 86' lang='lat' dir='ltr'>ex</span> <span class='ocrx_word' id='word_1_212' title='bbox 753 2398 861 2472; x_wconf 83' lang='lat' dir='ltr'>quihus</span> <span class='ocrx_word' id='word_1_213' title='bbox 887 2396 992 2458; x_wconf 88' lang='lat' dir='ltr'>iisdem</span> <span class='ocrx_word' id='word_1_214' title='bbox 1026 2399 1112 2459; x_wconf 78' lang='lat' dir='ltr'>ductu</span> <span class='ocrx_word' id='word_1_215' title='bbox 1140 2403 1185 2456; x_wconf 89' lang='lat' dir='ltr'>est</span> <span class='ocrx_word' id='word_1_216' title='bbox 1211 2389 1408 2457; x_wconf 77' lang='grc'>5555555555</span> <span class='ocrx_word' id='word_1_217' title='bbox 1485 2461 1486 2466; x_wconf 31' lang='grc'>,</span> 
     </span>
     <span class='ocr_line' id='line_1_21' title="bbox 269 2487 1486 2576; baseline 0.003 -22"><span class='ocrx_word' id='word_1_218' title='bbox 269 2495 316 2558; x_wconf 86' lang='lat' dir='ltr'>illu</span> <span class='ocrx_word' id='word_1_219' title='bbox 341 2513 416 2570; x_wconf 86' lang='grc'>5555</span> <span class='ocrx_word' id='word_1_220' title='bbox 438 2506 484 2558; x_wconf 85' lang='lat' dir='ltr'>est</span> <span class='ocrx_word' id='word_1_221' title='bbox 499 2497 528 2572; x_wconf 91' lang='grc'>7,</span> <span class='ocrx_word' id='word_1_222' title='bbox 545 2498 573 2560; x_wconf 91' lang='grc'>1.</span> <span class='ocrx_word' id='word_1_223' title='bbox 589 2499 663 2572; x_wconf 77' lang='grc'>212,</span> <span class='ocrx_word' id='word_1_224' title='bbox 681 2497 720 2562; x_wconf 94' lang='grc'>15</span> <span class='ocrx_word' id='word_1_225' title='bbox 734 2516 799 2576; x_wconf 86' lang='lat' dir='ltr'>sqq.</span> <span class='ocrx_word' id='word_1_226' title='bbox 815 2500 882 2565; x_wconf 89' lang='grc'>520</span> <span class='ocrx_word' id='word_1_227' title='bbox 898 2517 962 2574; x_wconf 84' lang='grc'>555</span> <span class='ocrx_word' id='word_1_228' title='bbox 991 2502 1043 2572; x_wconf 83' lang='grc'>(51.</span> <span class='ocrx_word' id='word_1_229' title='bbox 1068 2501 1197 2575; x_wconf 77' lang='lat' dir='ltr'>simplic.</span> <span class='ocrx_word' id='word_1_230' title='bbox 1220 2499 1257 2561; x_wconf 88' lang='grc'>55</span> <span class='ocrx_word' id='word_1_231' title='bbox 1280 2500 1308 2560; x_wconf 90' lang='grc'>5.</span> <span class='ocrx_word' id='word_1_232' title='bbox 1331 2497 1363 2570; x_wconf 90' lang='lat' dir='ltr'>i.)</span> <span class='ocrx_word' id='word_1_233' title='bbox 1386 2497 1410 2550; x_wconf 80' lang='lat' dir='ltr'>el</span> <span class='ocrx_word' id='word_1_234' title='bbox 1485 2487 1486 2572; x_wconf 67' lang='lat' dir='ltr'>J</span> 
     </span>
     <span class='ocr_line' id='line_1_22' title="bbox 270 2602 1409 2676; baseline -0.001 -15"><span class='ocrx_word' id='word_1_235' title='bbox 270 2615 487 2673; x_wconf 77' lang='lat' dir='ltr'>supervacanee</span> <span class='ocrx_word' id='word_1_236' title='bbox 508 2609 538 2660; x_wconf 88' lang='lat' dir='ltr'>et</span> <span class='ocrx_word' id='word_1_237' title='bbox 559 2603 653 2664; x_wconf 85' lang='lat' dir='ltr'>uetuvi</span> <span class='ocrx_word' id='word_1_238' title='bbox 675 2602 741 2664; x_wconf 84' lang='lat' dir='ltr'>libri</span> <span class='ocrx_word' id='word_1_239' title='bbox 762 2604 874 2666; x_wconf 81' lang='lat' dir='ltr'>auctori</span> <span class='ocrx_word' id='word_1_240' title='bbox 897 2603 1051 2664; x_wconf 78' lang='lat' dir='ltr'>uruuilesm</span> <span class='ocrx_word' id='word_1_241' title='bbox 1073 2602 1172 2676; x_wconf 77' lang='lat' dir='ltr'>ignum</span> <span class='ocrx_word' id='word_1_242' title='bbox 1194 2633 1236 2648; x_wconf 78' lang='lat'>-—</span> <span class='ocrx_word' id='word_1_243' title='bbox 1256 2602 1409 2663; x_wconf 78' lang='lat' dir='ltr'>debetestt</span> 
     </span>
     <span class='ocr_line' id='line_1_23' title="bbox 271 2697 1488 2779; baseline 0 -11"><span class='ocrx_word' id='word_1_244' title='bbox 271 2702 399 2776; x_wconf 73' lang='lat' dir='ltr'>utimum</span> <span class='ocrx_word' id='word_1_245' title='bbox 410 2703 482 2777; x_wconf 81' lang='lat' dir='ltr'>quid</span> <span class='ocrx_word' id='word_1_246' title='bbox 494 2705 574 2778; x_wconf 85' lang='grc'>5555</span> <span class='ocrx_word' id='word_1_247' title='bbox 589 2711 704 2768; x_wconf 83' lang='lat' dir='ltr'>moveat</span> <span class='ocrx_word' id='word_1_248' title='bbox 718 2705 871 2765; x_wconf 86' lang='lat' dir='ltr'>immotum</span> <span class='ocrx_word' id='word_1_249' title='bbox 888 2703 933 2779; x_wconf 90' lang='grc'>(8,</span> <span class='ocrx_word' id='word_1_250' title='bbox 950 2703 1026 2779; x_wconf 87' lang='grc'>555.</span> <span class='ocrx_word' id='word_1_251' title='bbox 1044 2706 1080 2764; x_wconf 84' lang='lat' dir='ltr'>el.</span> <span class='ocrx_word' id='word_1_252' title='bbox 1092 2702 1123 2777; x_wconf 91' lang='grc'>8,</span> <span class='ocrx_word' id='word_1_253' title='bbox 1137 2703 1165 2765; x_wconf 92' lang='grc'>6.</span> <span class='ocrx_word' id='word_1_254' title='bbox 1182 2700 1270 2770; x_wconf 84' lang='grc'>2505</span> <span class='ocrx_word' id='word_1_255' title='bbox 1287 2697 1409 2774; x_wconf 76' lang='grc'>28555)</span> <span class='ocrx_word' id='word_1_256' title='bbox 1486 2731 1488 2746; x_wconf 88' lang='grc'><strong><em>·</em></strong></span> 
     </span>
     <span class='ocr_line' id='line_1_24' title="bbox 270 2797 1410 2892; baseline -0.001 -29"><span class='ocrx_word' id='word_1_257' title='bbox 270 2803 359 2878; x_wconf 77' lang='lat' dir='ltr'>idque</span> <span class='ocrx_word' id='word_1_258' title='bbox 392 2813 494 2870; x_wconf 78' lang='lat' dir='ltr'>nutura</span> <span class='ocrx_word' id='word_1_259' title='bbox 525 2807 651 2880; x_wconf 84' lang='lat' dir='ltr'>simplex</span> <span class='ocrx_word' id='word_1_260' title='bbox 679 2815 707 2866; x_wconf 90' lang='lat' dir='ltr'>et</span> <span class='ocrx_word' id='word_1_261' title='bbox 730 2817 880 2870; x_wconf 75' lang='lat' dir='ltr'>neminum</span> <span class='ocrx_word' id='word_1_262' title='bbox 909 2816 938 2868; x_wconf 89' lang='lat' dir='ltr'>et</span> <span class='ocrx_word' id='word_1_263' title='bbox 959 2797 1080 2892; x_wconf 76' lang='grc' dir='ltr'><strong><em>ἀμερές</em></strong></span> <span class='ocrx_word' id='word_1_264' title='bbox 1112 2809 1251 2882; x_wconf 79' lang='lat' dir='ltr'>quelque</span> <span class='ocrx_word' id='word_1_265' title='bbox 1272 2813 1410 2866; x_wconf 81' lang='lat' dir='ltr'>aeteruum</span> 
     </span>
     <span class='ocr_line' id='line_1_25' title="bbox 269 2905 1411 2986; baseline -0.004 -18"><span class='ocrx_word' id='word_1_266' title='bbox 269 2907 394 2982; x_wconf 78' lang='lat' dir='ltr'>proinde</span> <span class='ocrx_word' id='word_1_267' title='bbox 421 2915 451 2968; x_wconf 88' lang='lat' dir='ltr'>et</span> <span class='ocrx_word' id='word_1_268' title='bbox 477 2910 687 2971; x_wconf 73' lang='lat' dir='ltr'>immutabilem</span> <span class='ocrx_word' id='word_1_269' title='bbox 711 2919 739 2970; x_wconf 89' lang='lat' dir='ltr'>et</span> <span class='ocrx_word' id='word_1_270' title='bbox 762 2911 922 2986; x_wconf 78' lang='lat' dir='ltr'>simplicem</span> <span class='ocrx_word' id='word_1_271' title='bbox 951 2919 1064 2974; x_wconf 84' lang='lat' dir='ltr'>mutum</span> <span class='ocrx_word' id='word_1_272' title='bbox 1091 2917 1206 2974; x_wconf 81' lang='lat' dir='ltr'>mereat</span> <span class='ocrx_word' id='word_1_273' title='bbox 1228 2917 1258 2968; x_wconf 89' lang='lat' dir='ltr'>et</span> <span class='ocrx_word' id='word_1_274' title='bbox 1278 2905 1411 2970; x_wconf 83' lang='lat' dir='ltr'>infinitum</span> 
     </span>
     <span class='ocr_line' id='line_1_26' title="bbox 271 3003 1410 3087; baseline -0.001 -17"><span class='ocrx_word' id='word_1_275' title='bbox 271 3007 317 3084; x_wconf 90' lang='grc'>(8,</span> <span class='ocrx_word' id='word_1_276' title='bbox 334 3009 353 3070; x_wconf 94' lang='grc'>6</span> <span class='ocrx_word' id='word_1_277' title='bbox 368 3019 441 3078; x_wconf 84' lang='lat' dir='ltr'>extr.</span> <span class='ocrx_word' id='word_1_278' title='bbox 465 3014 500 3072; x_wconf 86' lang='lat' dir='ltr'>uf.</span> <span class='ocrx_word' id='word_1_279' title='bbox 517 3010 548 3086; x_wconf 90' lang='grc'>8,</span> <span class='ocrx_word' id='word_1_280' title='bbox 565 3011 636 3087; x_wconf 90' lang='grc'>10),</span> <span class='ocrx_word' id='word_1_281' title='bbox 671 3030 762 3076; x_wconf 86' lang='lat' dir='ltr'>unum</span> <span class='ocrx_word' id='word_1_282' title='bbox 796 3014 877 3073; x_wconf 92' lang='lat' dir='ltr'>illum</span> <span class='ocrx_word' id='word_1_283' title='bbox 911 3023 940 3074; x_wconf 83' lang='lat' dir='ltr'>et</span> <span class='ocrx_word' id='word_1_284' title='bbox 966 3014 1134 3076; x_wconf 84' lang='lat' dir='ltr'>continuum</span> <span class='ocrx_word' id='word_1_285' title='bbox 1165 3028 1253 3087; x_wconf 84' lang='lat' dir='ltr'>quem</span> <span class='ocrx_word' id='word_1_286' title='bbox 1281 3025 1368 3087; x_wconf 89' lang='lat' dir='ltr'>quum</span> <span class='ocrx_word' id='word_1_287' title='bbox 1390 3003 1410 3069; x_wconf 84' lang='lat' dir='ltr'>si</span> 
     </span>
     <span class='ocr_line' id='line_1_27' title="bbox 270 3114 1412 3189; baseline -0.003 -15"><span class='ocrx_word' id='word_1_288' title='bbox 270 3115 359 3174; x_wconf 83' lang='lat' dir='ltr'>modu</span> <span class='ocrx_word' id='word_1_289' title='bbox 386 3114 424 3174; x_wconf 91' lang='lat' dir='ltr'>sit</span> <span class='ocrx_word' id='word_1_290' title='bbox 450 3115 545 3189; x_wconf 79' lang='lat' dir='ltr'>qualis</span> <span class='ocrx_word' id='word_1_291' title='bbox 578 3131 646 3176; x_wconf 87' lang='lat' dir='ltr'>esse</span> <span class='ocrx_word' id='word_1_292' title='bbox 674 3117 777 3178; x_wconf 83' lang='lat' dir='ltr'>debent</span> <span class='ocrx_word' id='word_1_293' title='bbox 804 3118 860 3178; x_wconf 87' lang='lat' dir='ltr'>ium</span> <span class='ocrx_word' id='word_1_294' title='bbox 877 3114 943 3187; x_wconf 81' lang='lat' dir='ltr'>5‚l</span> <span class='ocrx_word' id='word_1_295' title='bbox 968 3116 1133 3180; x_wconf 84' lang='lat' dir='ltr'>nuntiatum</span> <span class='ocrx_word' id='word_1_296' title='bbox 1161 3115 1261 3188; x_wconf 80' lang='lat' dir='ltr'>luerit,</span> <span class='ocrx_word' id='word_1_297' title='bbox 1294 3114 1412 3176; x_wconf 79' lang='lat' dir='ltr'>nuncet</span> 
     </span>
     <span class='ocr_line' id='line_1_28' title="bbox 271 3215 1412 3292; baseline -0.003 -16"><span class='ocrx_word' id='word_1_298' title='bbox 271 3216 334 3276; x_wconf 84' lang='lat' dir='ltr'>lieri</span> <span class='ocrx_word' id='word_1_299' title='bbox 356 3233 446 3290; x_wconf 85' lang='grc'>55555</span> <span class='ocrx_word' id='word_1_300' title='bbox 469 3217 598 3279; x_wconf 85' lang='lat' dir='ltr'>ostendit</span> <span class='ocrx_word' id='word_1_301' title='bbox 619 3215 666 3291; x_wconf 91' lang='grc'>(8,</span> <span class='ocrx_word' id='word_1_302' title='bbox 683 3215 758 3292; x_wconf 86' lang='grc'>755.</span> <span class='ocrx_word' id='word_1_303' title='bbox 776 3219 812 3279; x_wconf 83' lang='lat' dir='ltr'>et.</span> <span class='ocrx_word' id='word_1_304' title='bbox 827 3216 858 3290; x_wconf 90' lang='grc'>8,</span> <span class='ocrx_word' id='word_1_305' title='bbox 876 3217 904 3278; x_wconf 93' lang='grc'>6.</span> <span class='ocrx_word' id='word_1_306' title='bbox 921 3217 994 3292; x_wconf 85' lang='grc'>250,</span> <span class='ocrx_word' id='word_1_307' title='bbox 1010 3217 1066 3292; x_wconf 90' lang='grc'>16)</span> <span class='ocrx_word' id='word_1_308' title='bbox 1088 3227 1119 3277; x_wconf 89' lang='lat' dir='ltr'>et</span> <span class='ocrx_word' id='word_1_309' title='bbox 1140 3233 1207 3280; x_wconf 87' lang='grc'>5555</span> <span class='ocrx_word' id='word_1_310' title='bbox 1230 3234 1299 3280; x_wconf 89' lang='lat' dir='ltr'>eum</span> <span class='ocrx_word' id='word_1_311' title='bbox 1312 3223 1412 3280; x_wconf 83' lang='lat' dir='ltr'>mutum</span> 
     </span>
     <span class='ocr_line' id='line_1_29' title="bbox 272 3309 1412 3402; baseline 0.006 -25"><span class='ocrx_word' id='word_1_312' title='bbox 272 3318 464 3382; x_wconf 76' lang='lat' dir='ltr'>orbicularem</span> <span class='ocrx_word' id='word_1_313' title='bbox 498 3319 575 3381; x_wconf 88' lang='lat' dir='ltr'>iuter</span> <span class='ocrx_word' id='word_1_314' title='bbox 606 3321 715 3383; x_wconf 86' lang='grc'>1555155</span> <span class='ocrx_word' id='word_1_315' title='bbox 747 3319 875 3393; x_wconf 90' lang='lat' dir='ltr'>primum</span> <span class='ocrx_word' id='word_1_316' title='bbox 898 3319 943 3394; x_wconf 93' lang='grc'>(8,</span> <span class='ocrx_word' id='word_1_317' title='bbox 960 3320 995 3396; x_wconf 84' lang='grc'>0)</span> <span class='ocrx_word' id='word_1_318' title='bbox 1029 3338 1087 3397; x_wconf 89' lang='grc'>555</span> <span class='ocrx_word' id='word_1_319' title='bbox 1119 3313 1157 3384; x_wconf 83' lang='grc'>55</span> <span class='ocrx_word' id='word_1_320' title='bbox 1189 3309 1296 3402; x_wconf 78' lang='grc' dir='ltr'><strong><em>κύκλῳ</em></strong></span> <span class='ocrx_word' id='word_1_321' title='bbox 1327 3314 1412 3396; x_wconf 69' lang='grc' dir='ltr'>σῶμα</span> 
     </span>
     <span class='ocr_line' id='line_1_30' title="bbox 271 3410 1412 3507; baseline -0.004 -24"><span class='ocrx_word' id='word_1_322' title='bbox 271 3410 456 3507; x_wconf 73' lang='grc'>5555555555</span> <span class='ocrx_word' id='word_1_323' title='bbox 477 3423 514 3482; x_wconf 90' lang='grc'>55</span> <span class='ocrx_word' id='word_1_324' title='bbox 537 3439 595 3498; x_wconf 83' lang='lat' dir='ltr'>uun</span> <span class='ocrx_word' id='word_1_325' title='bbox 619 3424 758 3498; x_wconf 84' lang='lat' dir='ltr'>deinceps</span> <span class='ocrx_word' id='word_1_326' title='bbox 781 3439 879 3488; x_wconf 86' lang='lat' dir='ltr'>sermu</span> <span class='ocrx_word' id='word_1_327' title='bbox 901 3425 957 3484; x_wconf 90' lang='lat' dir='ltr'>erit</span> <span class='ocrx_word' id='word_1_328' title='bbox 978 3424 1008 3484; x_wconf 90' lang='lat' dir='ltr'>iu</span> <span class='ocrx_word' id='word_1_329' title='bbox 1030 3425 1113 3487; x_wconf 82' lang='lat' dir='ltr'>libris</span> <span class='ocrx_word' id='word_1_330' title='bbox 1125 3425 1257 3486; x_wconf 85' lang='grc'>5555515</span> <span class='ocrx_word' id='word_1_331' title='bbox 1280 3423 1412 3496; x_wconf 76' lang='lat' dir='ltr'>cuiusque</span> 
     </span>
     <span class='ocr_line' id='line_1_31' title="bbox 195 3515 1413 3609; baseline 0 -23"><span class='ocrx_word' id='word_1_332' title='bbox 195 3571 197 3575; x_wconf 68' lang='lat'>,</span> <span class='ocrx_word' id='word_1_333' title='bbox 272 3527 373 3589; x_wconf 85' lang='lat' dir='ltr'>urbem</span> <span class='ocrx_word' id='word_1_334' title='bbox 396 3535 546 3590; x_wconf 86' lang='lat' dir='ltr'>ueternum</span> <span class='ocrx_word' id='word_1_335' title='bbox 569 3528 653 3601; x_wconf 84' lang='lat' dir='ltr'>quusi</span> <span class='ocrx_word' id='word_1_336' title='bbox 676 3528 805 3588; x_wconf 84' lang='lat' dir='ltr'>imitetur</span> <span class='ocrx_word' id='word_1_337' title='bbox 826 3534 943 3589; x_wconf 83' lang='lat' dir='ltr'>aeterua</span> <span class='ocrx_word' id='word_1_338' title='bbox 958 3528 1006 3590; x_wconf 83' lang='lat' dir='ltr'>illu</span> <span class='ocrx_word' id='word_1_339' title='bbox 1021 3527 1219 3602; x_wconf 75' lang='lat' dir='ltr'>generationis</span> <span class='ocrx_word' id='word_1_340' title='bbox 1232 3515 1413 3609; x_wconf 75' lang='grc' dir='ltr'><strong><em>ἀνάκαμψις</em></strong></span> 
     </span>
     <span class='ocr_line' id='line_1_32' title="bbox 272 3629 1413 3706; baseline -0.004 -16"><span class='ocrx_word' id='word_1_341' title='bbox 272 3632 327 3702; x_wconf 83' lang='grc'>(55</span> <span class='ocrx_word' id='word_1_342' title='bbox 349 3645 416 3704; x_wconf 75' lang='lat' dir='ltr'>gen.</span> <span class='ocrx_word' id='word_1_343' title='bbox 439 3637 469 3690; x_wconf 90' lang='lat' dir='ltr'>et</span> <span class='ocrx_word' id='word_1_344' title='bbox 491 3646 565 3692; x_wconf 84' lang='lat' dir='ltr'>uerr.</span> <span class='ocrx_word' id='word_1_345' title='bbox 581 3630 611 3703; x_wconf 85' lang='grc'>2,</span> <span class='ocrx_word' id='word_1_346' title='bbox 629 3629 670 3692; x_wconf 94' lang='grc'>10</span> <span class='ocrx_word' id='word_1_347' title='bbox 681 3633 743 3706; x_wconf 88' lang='grc'>55.)</span> <span class='ocrx_word' id='word_1_348' title='bbox 777 3630 854 3692; x_wconf 81' lang='lat' dir='ltr'>circu</span> <span class='ocrx_word' id='word_1_349' title='bbox 881 3646 968 3705; x_wconf 85' lang='lat' dir='ltr'>quum</span> <span class='ocrx_word' id='word_1_350' title='bbox 996 3637 1150 3694; x_wconf 78' lang='lat' dir='ltr'>versertur</span> <span class='ocrx_word' id='word_1_351' title='bbox 1181 3629 1247 3691; x_wconf 83' lang='lat' dir='ltr'>libri</span> <span class='ocrx_word' id='word_1_352' title='bbox 1276 3631 1312 3692; x_wconf 90' lang='grc'>55</span> <span class='ocrx_word' id='word_1_353' title='bbox 1333 3629 1413 3692; x_wconf 81' lang='lat' dir='ltr'>retus</span> 
     </span>
     <span class='ocr_line' id='line_1_33' title="bbox 273 3729 1414 3808; baseline -0.004 -16"><span class='ocrx_word' id='word_1_354' title='bbox 273 3733 481 3800; x_wconf 79' lang='lat' dir='ltr'>subluunribus</span> <span class='ocrx_word' id='word_1_355' title='bbox 503 3740 669 3794; x_wconf 77' lang='lat' dir='ltr'>tractantes.</span> <span class='ocrx_word' id='word_1_356' title='bbox 714 3733 791 3803; x_wconf 83' lang='lat' dir='ltr'>Quid</span> <span class='ocrx_word' id='word_1_357' title='bbox 814 3749 882 3794; x_wconf 89' lang='lat' dir='ltr'>veru</span> <span class='ocrx_word' id='word_1_358' title='bbox 906 3734 942 3793; x_wconf 89' lang='grc'>55</span> <span class='ocrx_word' id='word_1_359' title='bbox 965 3733 1191 3808; x_wconf 78' lang='lat' dir='ltr'>disputationem</span> <span class='ocrx_word' id='word_1_360' title='bbox 1214 3734 1294 3794; x_wconf 83' lang='lat' dir='ltr'>illum</span> <span class='ocrx_word' id='word_1_361' title='bbox 1315 3729 1414 3794; x_wconf 78' lang='grc'>155015</span> 
     </span>
     <span class='ocr_line' id='line_1_34' title="bbox 273 3835 1415 3910; baseline -0.006 -10"><span class='ocrx_word' id='word_1_362' title='bbox 273 3835 353 3910; x_wconf 71' lang='lat' dir='ltr'>quud</span> <span class='ocrx_word' id='word_1_363' title='bbox 384 3843 487 3896; x_wconf 78' lang='lat' dir='ltr'>suntor</span> <span class='ocrx_word' id='word_1_364' title='bbox 508 3835 626 3909; x_wconf 87' lang='lat' dir='ltr'>septimi</span> <span class='ocrx_word' id='word_1_365' title='bbox 649 3836 715 3898; x_wconf 82' lang='lat' dir='ltr'>libri</span> <span class='ocrx_word' id='word_1_366' title='bbox 739 3837 823 3896; x_wconf 79' lang='lat' dir='ltr'>ducet</span> <span class='ocrx_word' id='word_1_367' title='bbox 857 3851 974 3899; x_wconf 87' lang='lat' dir='ltr'>omnem</span> <span class='ocrx_word' id='word_1_368' title='bbox 999 3844 1111 3898; x_wconf 84' lang='lat' dir='ltr'>mutum</span> <span class='ocrx_word' id='word_1_369' title='bbox 1135 3836 1245 3898; x_wconf 73' lang='lat' dir='ltr'>muneri</span> <span class='ocrx_word' id='word_1_370' title='bbox 1269 3837 1305 3896; x_wconf 87' lang='lat' dir='ltr'>ub</span> <span class='ocrx_word' id='word_1_371' title='bbox 1327 3835 1415 3909; x_wconf 85' lang='grc'>55555</span> 
     </span>
     <span class='ocr_line' id='line_1_35' title="bbox 272 3930 1415 4014; baseline -0.002 -14"><span class='ocrx_word' id='word_1_372' title='bbox 272 3939 312 4000; x_wconf 79' lang='lat' dir='ltr'>itu</span> <span class='ocrx_word' id='word_1_373' title='bbox 333 3945 366 3997; x_wconf 88' lang='lat' dir='ltr'>ut</span> <span class='ocrx_word' id='word_1_374' title='bbox 387 3937 515 4014; x_wconf 90' lang='lat' dir='ltr'>primum</span> <span class='ocrx_word' id='word_1_375' title='bbox 543 3939 754 4013; x_wconf 72' lang='lat' dir='ltr'>quoniamst</span> <span class='ocrx_word' id='word_1_376' title='bbox 780 3930 891 4002; x_wconf 76' lang='lat' dir='ltr'>ui&#39;rtuu</span> <span class='ocrx_word' id='word_1_377' title='bbox 915 3937 975 4002; x_wconf 84' lang='grc' dir='ltr'>τοῦ</span> <span class='ocrx_word' id='word_1_378' title='bbox 1001 3937 1186 4014; x_wconf 72' lang='grc' dir='ltr'>κινεῖσθαι,</span> <span class='ocrx_word' id='word_1_379' title='bbox 1220 3941 1415 4002; x_wconf 77' lang='lat' dir='ltr'>eudemum</span> 
     </span>
     <span class='ocr_line' id='line_1_36' title="bbox 273 4030 1415 4127; baseline 0 -25"><span class='ocrx_word' id='word_1_380' title='bbox 273 4043 337 4106; x_wconf 84' lang='lat' dir='ltr'>sule</span> <span class='ocrx_word' id='word_1_381' title='bbox 358 4042 427 4117; x_wconf 77' lang='lat' dir='ltr'>quta</span> <span class='ocrx_word' id='word_1_382' title='bbox 459 4031 518 4106; x_wconf 79' lang='grc'>565</span> <span class='ocrx_word' id='word_1_383' title='bbox 544 4031 596 4105; x_wconf 76' lang='grc' dir='ltr'>ἐπ’</span> <span class='ocrx_word' id='word_1_384' title='bbox 624 4030 767 4126; x_wconf 72' lang='grc' dir='ltr'><em>ἄπειρον</em></span> <span class='ocrx_word' id='word_1_385' title='bbox 792 4033 929 4125; x_wconf 79' lang='grc' dir='ltr'><strong><em>πρόεισι</em></strong></span> <span class='ocrx_word' id='word_1_386' title='bbox 954 4037 994 4106; x_wconf 81' lang='grc' dir='ltr'>τὸ</span> <span class='ocrx_word' id='word_1_387' title='bbox 1017 4032 1072 4107; x_wconf 81' lang='grc' dir='ltr'>ἀεὶ</span> <span class='ocrx_word' id='word_1_388' title='bbox 1092 4031 1148 4127; x_wconf 72' lang='grc' dir='ltr'>ὑφ’</span> <span class='ocrx_word' id='word_1_389' title='bbox 1170 4031 1286 4121; x_wconf 74' lang='grc' dir='ltr'><em>ἑτέρου</em></span> <span class='ocrx_word' id='word_1_390' title='bbox 1307 4040 1352 4117; x_wconf 92' lang='grc'>(7,</span> <span class='ocrx_word' id='word_1_391' title='bbox 1368 4032 1415 4111; x_wconf 75' lang='lat' dir='ltr'>il?</span> 
     </span>
     <span class='ocr_line' id='line_1_37' title="bbox 271 4137 1415 4230; baseline -0.002 -24"><span class='ocrx_word' id='word_1_392' title='bbox 271 4160 368 4220; x_wconf 84' lang='grc'>55555</span> <span class='ocrx_word' id='word_1_393' title='bbox 391 4144 469 4206; x_wconf 88' lang='lat' dir='ltr'>euim</span> <span class='ocrx_word' id='word_1_394' title='bbox 491 4145 563 4206; x_wconf 87' lang='lat' dir='ltr'>illud</span> <span class='ocrx_word' id='word_1_395' title='bbox 586 4161 676 4220; x_wconf 83' lang='lat' dir='ltr'>quum</span> <span class='ocrx_word' id='word_1_396' title='bbox 691 4163 788 4223; x_wconf 84' lang='lat' dir='ltr'>neque</span> <span class='ocrx_word' id='word_1_397' title='bbox 810 4137 963 4230; x_wconf 66' lang='lat' dir='ltr'>unientur</span> <span class='ocrx_word' id='word_1_398' title='bbox 975 4149 1147 4216; x_wconf 81' lang='lat' dir='ltr'>ostendetur</span> <span class='ocrx_word' id='word_1_399' title='bbox 1157 4162 1254 4221; x_wconf 88' lang='grc'>55555</span> <span class='ocrx_word' id='word_1_400' title='bbox 1266 4147 1303 4208; x_wconf 92' lang='grc'>55</span> <span class='ocrx_word' id='word_1_401' title='bbox 1314 4153 1415 4208; x_wconf 82' lang='lat' dir='ltr'>mutum</span> 
     </span>
     <span class='ocr_line' id='line_1_38' title="bbox 272 4233 1416 4328; baseline -0.002 -20"><span class='ocrx_word' id='word_1_402' title='bbox 272 4257 423 4310; x_wconf 80' lang='lat' dir='ltr'>ueternum</span> <span class='ocrx_word' id='word_1_403' title='bbox 445 4233 588 4310; x_wconf 84' lang='lat' dir='ltr'>re&#39;lerutur</span> <span class='ocrx_word' id='word_1_404' title='bbox 609 4267 705 4324; x_wconf 88' lang='grc'>55555</span> <span class='ocrx_word' id='word_1_405' title='bbox 729 4251 847 4312; x_wconf 86' lang='lat' dir='ltr'>omuino</span> <span class='ocrx_word' id='word_1_406' title='bbox 871 4253 996 4328; x_wconf 83' lang='lat' dir='ltr'>emplius</span> <span class='ocrx_word' id='word_1_407' title='bbox 1031 4250 1217 4310; x_wconf 81' lang='lat' dir='ltr'>exhauriatur</span> <span class='ocrx_word' id='word_1_408' title='bbox 1249 4265 1316 4310; x_wconf 85' lang='lat' dir='ltr'>uum</span> <span class='ocrx_word' id='word_1_409' title='bbox 1336 4261 1416 4322; x_wconf 87' lang='grc'>5555-</span> 
     </span>
     <span class='ocr_line' id='line_1_39' title="bbox 273 4349 1417 4428; baseline -0.004 -15"><span class='ocrx_word' id='word_1_410' title='bbox 273 4351 369 4415; x_wconf 84' lang='grc'>55555</span> <span class='ocrx_word' id='word_1_411' title='bbox 390 4351 456 4414; x_wconf 79' lang='lat' dir='ltr'>litii</span> <span class='ocrx_word' id='word_1_412' title='bbox 479 4353 515 4412; x_wconf 89' lang='lat' dir='ltr'>Vl</span> <span class='ocrx_word' id='word_1_413' title='bbox 537 4352 595 4412; x_wconf 86' lang='lat' dir='ltr'>fine</span> <span class='ocrx_word' id='word_1_414' title='bbox 617 4352 766 4428; x_wconf 79' lang='lat' dir='ltr'>preposite</span> <span class='ocrx_word' id='word_1_415' title='bbox 789 4354 849 4414; x_wconf 82' lang='lat' dir='ltr'>ulle</span> <span class='ocrx_word' id='word_1_416' title='bbox 870 4356 959 4417; x_wconf 86' lang='lat' dir='ltr'>modo</span> <span class='ocrx_word' id='word_1_417' title='bbox 987 4355 1138 4426; x_wconf 68' lang='lat' dir='ltr'>uolucrem</span> <span class='ocrx_word' id='word_1_418' title='bbox 1171 4352 1243 4427; x_wconf 83' lang='lat' dir='ltr'>quid</span> <span class='ocrx_word' id='word_1_419' title='bbox 1277 4353 1355 4428; x_wconf 88' lang='grc'>5555</span> <span class='ocrx_word' id='word_1_420' title='bbox 1385 4349 1417 4410; x_wconf 86' lang='grc'>55</span> 
     </span>
     <span class='ocr_line' id='line_1_40' title="bbox 274 4449 1418 4542; baseline -0.006 -20"><span class='ocrx_word' id='word_1_421' title='bbox 274 4467 363 4522; x_wconf 69' lang='lat' dir='ltr'>uuum</span> <span class='ocrx_word' id='word_1_422' title='bbox 384 4462 483 4518; x_wconf 81' lang='lat' dir='ltr'>metus</span> <span class='ocrx_word' id='word_1_423' title='bbox 505 4471 582 4532; x_wconf 86' lang='grc'>5555</span> <span class='ocrx_word' id='word_1_424' title='bbox 594 4455 739 4518; x_wconf 78' lang='lat' dir='ltr'>sententie</span> <span class='ocrx_word' id='word_1_425' title='bbox 760 4455 928 4534; x_wconf 65' lang='lat' dir='ltr'>territuri,</span> <span class='ocrx_word' id='word_1_426' title='bbox 944 4456 973 4518; x_wconf 89' lang='lat'>1.</span> <span class='ocrx_word' id='word_1_427' title='bbox 989 4456 1076 4520; x_wconf 77' lang='grc'>2125</span> <span class='ocrx_word' id='word_1_428' title='bbox 1092 4457 1143 4531; x_wconf 83' lang='grc'>24,</span> <span class='ocrx_word' id='word_1_429' title='bbox 1167 4473 1208 4520; x_wconf 89' lang='grc'>55.</span> <span class='ocrx_word' id='word_1_430' title='bbox 1230 4449 1271 4520; x_wconf 79' lang='lat' dir='ltr'>mi</span> <span class='ocrx_word' id='word_1_431' title='bbox 1293 4451 1418 4542; x_wconf 76' lang='grc'>555555</span> 
     </span>
    </p>
   </div>
   <div class='ocr_carea' id='block_1_4' title="bbox 0 0 1536 5156">
    <p class='ocr_par' dir='ltr' id='par_1_4' title="bbox 0 0 1536 5156">
     <span class='ocr_line' id='line_1_41' title="bbox 0 0 1536 5156; baseline 0 0"><span class='ocrx_word' id='word_1_432' title='bbox 0 0 1536 5156; x_wconf 95' lang='lat' dir='ltr'> </span> 
     </span>
    </p>
   </div>
  </div>
 </body>
</html>
