3036 5164
820 373 883 434 148

269 553 345 611 inter
370 547 553 609 Christianos
577 547 740 605 clarissimi.
787 545 935 603 Michaelis
963 543 1040 600 enim
1069 541 1186 615 ltphesli
1216 541 1329 599 scholia
1358 541 1383 598 in
1404 541 1417 596 l.

269 651 516 726 degeneratione
544 647 713 708 animalium
742 647 797 706 suh
826 647 899 704 lalso
922 644 1074 718 Philoponi
1102 643 1221 702 nomine
1249 643 1325 702 male
1353 642 1418 700 edita

270 771 337 814 esse
360 754 475 827 (Venet.
500 751 564 809 Ald.
588 748 687 822 1526)
711 749 808 807 omnis
831 763 934 806 eorum
956 747 1029 805 ratio
1052 745 1168 817 evincit,
1193 761 1268 819 qnae
1291 753 1324 803 nt
1343 746 1418 819 plane

270 859 371 917 eadem
405 871 471 912 cnm
506 852 685 911 scholiorum
719 851 748 908 in
775 851 794 907 l.
824 849 860 907 de
882 849 1015 923 partibus
1047 847 1135 906 anim.
1159 855 1278 906 auctore
1301 846 1419 920 Ephesio

269 959 322 1031 (ed
344 957 374 1015 P.
399 949 761 1024 11515515511551548)
789 951 829 1009 115
850 967 866 1009 5
889 950 1012 1025 prolixis
1034 950 1077 1008 lo.
1102 949 1256 1023 Philoponl
1279 963 1419 1007 commen-

270 1060 350 1118 tariis
372 1059 459 1132 plane
482 1055 576 1114 aliena
599 1062 644 1113 est
667 1061 696 1114 et
716 1054 763 1111 vel
786 1054 842 1111 hec
865 1061 893 1111 et
916 1053 1083 1127 diligentiae
1106 1059 1134 1110 et
1157 1051 1307 1109 doctrinae
1331 1050 1418 1123 specie

270 1163 361 1220 multo
384 1159 517 1218 interior:
553 1171 714 1230 numquam
743 1153 821 1212 enim
847 1155 897 1213 ille
925 1155 1015 1214 lihros
1045 1155 1075 1212 in
1098 1154 1145 1212 his
1168 1153 1249 1224 citat,
1285 1152 1418 1210 sisoium

271 1265 421 1322 Platonem
445 1259 597 1332 exceperis
622 1257 672 1330 (cl.
697 1259 733 1316 de
756 1265 828 1330 part.
842 1274 870 1330 p.
884 1256 934 1316 72.
948 1253 1009 1316 105
1023 1271 1066 1329 sq.
1091 1257 1237 1329 degener.
1251 1256 1268 1313 l.
1284 1250 1353 1314 151).
1367 1250 1418 1312 leo

270 1371 385 1439 praeter
418 1362 546 1420 eundem
579 1356 1080 1440 Ρ15155151151555151.166515.
1115 1357 1271 1416 Alexandri
1300 1357 1417 1430 Aphrod.

274 1465 417 1536 quosdam
439 1469 578 1521 tractatus
601 1461 669 1519 citat
691 1461 837 1534 Ephesius
860 1460 889 1518 in
913 1460 1033 1519 scholiis
1046 1461 1254 1519 adParvanat.
1268 1475 1310 1518 55.
1324 1459 1417 1518 lihrum

273 1564 309 1622 de
332 1557 585 1633 5515511711),
609 1562 659 1620 uhi
683 1570 712 1620 et
735 1562 836 1620 Galeni
859 1563 965 1620 librum
990 1563 1147 1636 quendam,
1170 1563 1279 1620 lihrum
1303 1561 1338 1619 de
1359 1561 1417 1618 dae-

273 1664 413 1724 monibus
430 1663 448 1719 l.
466 1659 538 1733 148,
562 1663 689 1737 deniqne
711 1663 820 1722 lihrum
843 1665 1016 1739 inscriptum
1039 1651 1418 1726 555111515115115511151

271 1763 311 1831 τὸ
333 1755 528 1850 ἡγεμονικὸν
551 1765 569 1822 1.
585 1763 675 1840 155),
710 1781 765 1824 555
789 1765 927 1826 historica
960 1782 1034 1840 quac
1068 1768 1159 1825 multa
1189 1773 1347 1826 occurrunt
1370 1777 1414 1820 nec

272 1871 350 1931 aliud
373 1867 532 1942 quidquam
556 1867 701 1941 explicare
723 1869 834 1942 151555,
857 1869 926 1928 11551
949 1883 984 1926 eo
1008 1868 1127 1928 nomine
1151 1868 1415 1942 quodammodoex-

273 1981 392 2032 cusatns
414 1970 483 2044 quia
505 1968 693 2042 antiquorum
715 1970 908 2044 interpretum
932 1985 1007 2043 quos
1031 1977 1064 2026 ut
1076 1969 1271 2029 Alexandrum
1283 1971 1312 2028 in
1325 1967 1414 2027 ceteris

272 2083 370 2134 tamen
397 2071 614 2130 commentariis
647 2071 759 2144 passim
788 2073 877 2132 citare
907 2071 983 2130 solet
1005 2071 1145 2142 (Blandis
1160 2071 1223 2134 298
1235 2074 1297 2146 sq.)
1329 2067 1413 2128 15115

272 2174 355 2235 lihris
378 2188 435 2230 usu
458 2173 676 2244 destitueretur,
699 2189 860 2246 numquam
883 2173 941 2231 illis
964 2173 1155 2233 5151511555
1172 2191 1291 2250 quoqne
1307 2178 1413 2247 questos

274 2276 372 2337 estin
400 2274 458 2332 linc
481 2275 616 2347 paraphr.
631 2261 743 2332 corum
769 2275 847 2347 (Vol.
863 2275 898 2332 Vl
920 2275 952 2332 P.
969 2275 993 2332 ll
1015 2276 1209 2350 „nullumque
1231 2274 1411 2348 expositorem

273 2377 399 2438 vidimus
422 2377 500 2432 hunc
522 2375 630 2433 librum
652 2377 858 2450 exposuisse'')
885 2393 901 2434 a
928 2375 1077 2448 priorious
1106 2385 1226 2452 propter
1254 2390 1412 2436 15151555-

273 2477 351 2554 piam
374 2476 586 2536 sententiarnm
608 2493 677 2535 vero
700 2479 814 2538 facilem
838 2479 1017 2537 intellectum
1039 2480 1178 2539 tractatis.
1224 2481 1289 2554 lpse
1311 2491 1413 2552 qnoque

162 2588 164 2596 ’
274 2579 436 2660 difficiliora
458 2584 572 2636 tantum
595 2579 718 2653 seligere
743 2595 785 2650 se,
808 2580 963 2639 manifesta
986 2579 1102 2639 silentio
1125 2581 1414 2656 praetermitteretis

274 2679 467 2756 quentissimo
496 2677 545 2738 illo
573 2681 654 2752 qnod
680 2681 708 2739 in
738 2683 799 2739 sch.
828 2688 858 2738 51
879 2683 917 2740 ad
939 2683 957 2740 l.
986 2682 1022 2739 de
1049 2690 1122 2756 part.
1152 2690 1180 2741 51
1202 2686 1239 2741 ad
1261 2685 1280 2742 l.
1304 2685 1339 2744 de
1358 2697 1412 2756 geu.

152 2839 156 2848 ,
274 2791 303 2842 51
330 2797 417 2855 saepe
445 2779 531 2838 etiam
559 2781 589 2838 in
617 2783 709 2842 schol.
738 2783 775 2842 ed
802 2782 892 2842 Parva
918 2789 976 2840 nat.
1012 2783 1162 2855 (similiter
1183 2785 1370 2845 Pseudoalex.
1390 2783 1414 2840 in

273 2883 392 2942 Meteon.
416 2883 434 2938 1.
452 2878 548 2941 toto.
566 2879 652 2941 1091)
669 2886 739 2956 515.)
761 2885 887 2958 legimns
910 2881 1025 2968 ,55φῆ
1048 2879 1148 2948 111τά
1171 2876 1265 2969 5ξῆς”
1288 2887 1416 2963 signifieat

273 2987 370 3058 itaque
394 2999 426 3042 se
448 2983 591 3042 lucturum
614 2985 679 3058 ipse
701 2986 844 3045 nuntiavit
867 2987 903 3045 de
926 2995 998 3061 part.
1016 3004 1043 3061 p.
1062 2986 1123 3046 121,
1147 2995 1234 3061 atque
1249 2989 1352 3050 iisdem
1366 2991 1416 3047 lere

273 3087 371 3145 verbis
394 3085 430 3142 de
454 3101 520 3158 gen.
545 3082 634 3144 131.
680 3085 816 3144 Ceterum
839 3089 978 3161 auctoris,
1003 3089 1052 3163 qni
1064 3090 1186 3148 Athenis
1210 3092 1362 3167 scripsisse
1380 3089 1416 3148 11-

272 3191 357 3247 detur
379 3187 432 3259 (de
444 3201 509 3260 gen.
523 3187 542 3244 1.
556 3185 647 3259 141),
671 3189 794 3261 patriam
816 3190 965 3263 Ephesum
988 3191 1143 3250 manifesto
1166 3193 1325 3252 ostendunt
1340 3190 1416 3250 verba

272 3292 308 3348 de
331 3303 396 3362 gen.
421 3287 511 3347 lte:
547 3279 616 3349 ἔστι
646 3283 684 3350 δὲ
714 3278 856 3368 lilaea
879 3286 964 3367 ζῶον
995 3285 1114 3370 ὅμοιον
1148 3282 1251 3375 λύκῳ,
1289 3286 1368 3375 ὅπερ
1387 3284 1416 3350 ἐν

268 3383 399 3474 Ἐφέσῳ
422 3387 479 3450 νῦν
502 3379 520 3452 ὃ
544 3383 651 3462 πολὺς
673 3377 857 3472 ἅνθρωπος
879 3387 998 3476 ydoneo
1020 3391 1415 3468 (511551515559431)

271 3482 440 3571 ὀνομάζει.
484 3494 515 3551 15
544 3493 749 3570 lletaphysicis
783 3501 881 3554 autem
908 3497 1054 3571 Ephesius
1088 3498 1156 3557 11551
1187 3498 1218 3555 15
1246 3499 1414 3573 singulorum

269 3598 426 3656 verborum
451 3595 634 3668 expositione
657 3595 791 3654 formulis
814 3596 850 3655 eb
863 3597 1027 3656 Alexandro
1051 3598 1154 3658 alienis
1168 3600 1340 3672 saepissime
1351 3612 1415 3656 5555

270 3700 365 3770 (velut
388 3696 437 3753 nhi
461 3697 498 3754 ad
510 3697 608 3770 ipsum
620 3697 806 3756 Aristotelem
819 3713 979 3758 conversus
992 3700 1150 3775 alloquitur
1161 3698 1233 3772 435,
1247 3701 1297 3760 12.
1310 3699 1413 3772 4461.

271 3795 343 3869 788,
360 3793 402 3856 23
419 3804 472 3855 ete.
497 3798 532 3855 cl.
556 3799 658 3858 Bonita
681 3801 772 3874 prael.
797 3817 825 3872 p.
842 3796 899 3872 25)
923 3802 1062 3876 omnique
1085 3803 1152 3861 stilo
1176 3811 1204 3861 51
1226 3806 1336 3863 rustico
1351 3817 1416 3876 qno-

268 3904 335 3960 dam
358 3897 500 3957 orationis
522 3899 842 3974 argumentationisque
865 3902 964 3960 colore
987 3904 1085 3976 (locos
1109 3904 1159 3964 ubi
1182 3905 1341 3977 Ephesium
1362 3919 1416 3963 mn-

266 4005 345 4061 xime
368 4000 570 4075 deprehendas
597 4010 713 4075 praeter
734 4020 762 4077 p.
780 3999 843 4063 500
855 4019 899 4076 sq.
935 4004 1000 4078 lege
1024 4007 1079 4064 hos
1101 4023 1129 4080 p.
1148 4003 1219 4078 763,
1235 4005 1332 4082 8555.
1349 4003 1414 4074 tot,

269 4101 309 4162 15
323 4119 387 4176 sqq.
410 4100 483 4174 788,
500 4099 541 4162 23
554 4117 618 4176 sqq.
645 4100 718 4176 432,
734 4102 776 4164 32
802 4137 842 4146 -
869 4101 983 4176 433‚o
1019 4109 1069 4166 uhi
1102 4109 1306 4180 ncoplatonice
1338 4111 1415 4183 plane

268 4203 405 4263 delinitur
437 4211 466 4262 et
493 4203 681 4278 distinguitur
712 4199 750 4266 nd
777 4198 811 4266 τί
832 4193 872 4289 ἦν
894 4194 981 4268 εἶναι
1014 4217 1043 4268 51
1072 4198 1253 4292 ὁὸρισμός
1285 4214 1321 4270 51.
1344 4212 1415 4269 idem

267 4301 340 4375 437,
356 4303 407 4364 29.
423 4301 497 4377 438,
514 4302 564 4376 12,
589 4321 663 4378 qnae
687 4307 805 4380 Ephesii
828 4310 917 4368 verba
939 4325 1006 4368 esse
1029 4310 1068 4368 ait
1089 4312 1183 4370 Anon.
1208 4309 1413 4380 6511115743,

200 4407 204 4424 ·
266 4403 316 4465 10.
341 4407 375 4463 51.
400 4406 485 4464 etiam
508 4403 581 4479 489,
597 4403 689 4468 2κ5.
708 4405 893 4485 50115551.
917 4411 987 4484 699,
1006 4409 1134 4484 12515.)
1169 4429 1226 4474 non
1257 4417 1353 4476 minus
1379 4415 1411 4472 ah
