3024 5162
677 337 739 424 aaa

124 525 284 599 adipsum
313 527 377 586 sive
402 529 440 588 sit
465 531 527 592 sire
554 547 613 592 uon
643 534 681 592 sit
707 536 793 594 etad
820 536 897 596 aliud
926 536 965 596 sit
987 536 1059 594 ratio
1082 536 1283 598 consideratur

124 627 180 700 (ci.
204 625 387 690 Parm.157.
406 628 468 690 159
484 632 523 690 in.
547 631 753 698 teutuado.
772 636 843 698 166.
869 640 905 698 ε1.
924 637 984 698 165
1008 624 1030 700 di
1055 633 1206 702 διελθεῖν
1228 629 1282 700 εό-

122 724 226 804 πειὲς
248 717 311 813 ἤδη
333 721 411 814 ἡμῖν
433 750 474 793 sc.
498 736 586 796 unius
609 728 828 820 παθήματα)
852 758 919 802 nam
943 750 972 801 et
987 731 1084 814 odoia
1101 749 1281 816 etquantum

122 825 176 906 (ἓν
202 865 244 876 ·-
265 825 390 909 πολλά,
412 827 487 898 ἴσον
513 869 554 880 --
577 825 705 914 άνισσν,
738 839 850 921 μεῖζον
872 877 914 888 —
936 836 1085 906 ἔλασσονι
1119 832 1281 926 ἀριθμός,

118 929 284 1016 diist-9⁰9)
307 941 438 1000 ε(11111111
459 946 488 998 et
510 943 596 1014 quale
619 933 756 1015 (ταύτόν
777 981 819 992 —
842 940 965 1030 ἕτερον,
995 939 1114 1025 ὅμοιον
1135 979 1177 988 -·
1199 936 1290 1008 άνό-.

119 1058 233 1116 μσιον.
268 1029 354 1102 adad
374 1071 417 1084 —-
444 1037 637 1126 περιφερέςε
666 1046 791 1130 σχῆμα)
827 1059 856 1111 et
887 1051 917 1108 in
949 1051 1023 1124 ipsis
1056 1049 1113 1111 iilis
1146 1049 1278 1120 relatum,

121 1151 274 1216 praeterea
287 1144 370 1202 locus
382 1139 474 1218 (ποῦ,
488 1135 686 1226 ἁπτόμενον,
701 1143 809 1232 χωρίς,
826 1145 959 1234 ἑφεξῆςι
976 1149 1067 1234 χῶροι
1080 1149 1151 1212 138.
1165 1149 1280 1224 14851).

123 1247 160 1305 ci.
184 1246 231 1304 Ar.
245 1247 332 1321 Phys·
350 1243 380 1319 5,
396 1243 431 1319 3)
456 1255 484 1306 ct
507 1257 622 1324 tempus
646 1249 755 1330 (ποτέ,
780 1251 843 1328 νῦν,
869 1247 1000 1313 taetra:
1021 1243 1139 1332 χρόνος
1155 1251 1217 1313 140
1233 1269 1277 1326 sq.

121 1344 281 1408 151-55.
306 1340 403 1410 ε1σό
426 1338 583 1434 ἐξαίφνης
599 1352 686 1429 156),
710 1366 807 1415 motus
831 1364 859 1415 et
883 1364 976 1418 status
999 1346 1151 1429 (ἑστάναι
1171 1389 1212 1397 -
1227 1374 1277 1414 κι-

121 1448 258 1512 νεῖσθαι
269 1447 333 1510 138
345 1467 389 1526 sq.
405 1450 466 1512 146
480 1471 524 1528 sq.
540 1445 716 1537 γίγνεσθαι
728 1453 790 1518 156
808 1479 843 1508 =
858 1457 945 1517 Arist.
958 1456 1070 1519 ποιεῖν
1082 1465 1110 1517 et
1126 1447 1276 1534 πάσχειν.

120 1560 219 1612 motus
243 1555 301 1612 duo
325 1569 432 1628 genera
454 1556 567 1616 Platoni
595 1568 664 1619 sunt
687 1553 777 1642 φορά
804 1569 832 1619 et
860 1550 1044 1632 άλλοίωσις
1064 1561 1179 1617 Theaet.
1204 1557 1275 1618 181.

119 1653 431 1717 Parmen.138.162.
467 1659 575 1732 quibus
603 1654 779 1722 acceditur}
813 1653 1022 1736 αὐξάνεσθαι
1054 1655 1111 1722 aori
1138 1653 1276 1744 φθίνειν

119 1759 212 1818 Parm.
230 1757 292 1818 156
315 1776 442 1832 qrrorunr
464 1762 590 1834 primum
614 1764 679 1821 loco
702 1771 812 1824 mutato
836 1765 981 1835 definitur,
1004 1766 1127 1822 alterum
1150 1779 1166 1821 a
1188 1763 1273 1821 tertio

120 1863 215 1934 qualis
242 1870 271 1920 et
293 1861 393 1936 quanti
423 1862 591 1922 discrimine
618 1873 784 1938 separatur,
812 1867 890 1924 unde
912 1865 1077 1924 Aristotelis
1103 1864 1208 1936 triplex
1231 1864 1275 1921 di-

119 1962 194 2022 visio
217 1972 284 2022 nata
306 1965 377 2036 est).
424 1963 538 2032 Quibus
567 1967 591 2024 si
619 1967 709 2024 addas
737 1984 950 2042 comparesque
977 1981 1052 2042 quae
1080 1966 1109 2022 in
1137 1965 1274 2038 sophista

117 2060 160 2125 τά
181 2059 321 2146 με’χιστιι
342 2060 409 2123 τῶν
430 2066 532 2146 χενιόν
570 2069 744 2126 nuntiantur
767 2077 795 2126 et
818 2069 954 2127 omnihus
978 2068 1144 2125 communia
1172 2083 1212 2125 sc.
1236 2060 1274 2128 τό

120 2155 159 2227 όν
180 2158 303 2228 ταύτόν
325 2157 472 2252 θάτερον
495 2159 611 2242 στάσις
632 2161 758 2251 κίνησις
781 2187 795 2228 a
819 2171 933 2228 Plotiuo
956 2177 1059 2243 postea
1080 2184 1133 2243 pro
1156 2175 1273 2242 catego-

117 2270 227 2328 riarum
249 2272 436 2329 trrudameuto
460 2280 554 2330 sumta
579 2273 630 2346 (cs.
654 2273 1009 2345 TrendelenburgGesch.
1024 2273 1076 2328 der
1090 2271 1273 2345 kategorien-

115 2373 197 2430 lehre
219 2390 247 2446 p.
265 2369 410 2446 236sq.),'
434 2373 517 2431 facile
539 2390 575 2432 ex
599 2365 817 2433 Platonicorum
837 2375 966 2433 doctrina
989 2373 1133 2433 rationem
1156 2381 1271 2446 repetas

115 2489 180 2532 eam
214 2489 271 2547 qua
298 2475 452 2534 manifesta
485 2475 649 2549 categoriae
683 2475 852 2532 dividuntur
884 2483 917 2532 ut
951 2475 1009 2532 siut
1042 2483 1070 2533 et
1103 2489 1135 2532 ea
1163 2473 1271 2546 quibus

114 2576 211 2634 differt
245 2593 299 2634 cns
331 2583 469 2652 tanquam
503 2593 556 2636 ens
590 2575 762 2650 suiipsius
797 2575 909 2632 ratione
937 2583 965 2633 et
988 2591 1021 2632 ea
1045 2575 1153 2647 quibus
1176 2575 1272 2634 differt

113 2678 189 2737 alius
218 2686 375 2753 motusque
401 2681 514 2739 ratione
542 2677 639 2737 habita
672 2677 768 2750 sitque
796 2677 969 2736 intermedia
1000 2677 1150 2734 relationis
1179 2677 1269 2736 notio.

114 2780 158 2838 Ad
184 2780 311 2854 primum
338 2798 431 2857 genus
465 2782 612 2856 pertinent
646 2786 787 2853 quantum
815 2786 843 2840 et
870 2781 969 2852 quale,
1004 2779 1041 2836 ad
1067 2783 1179 2834 motum
1202 2793 1272 2836 vcro

113 2890 248 2958 spectant
283 2891 393 2956 cetera,
431 2885 558 2960 primum
595 2890 711 2956 tempus
745 2889 774 2940 et
806 2882 890 2938 locus
924 2881 1032 2954 quibus
1065 2887 1163 2938 motus
1196 2879 1271 2939 sines

114 2985 322 3045 deseribuntur
355 2982 440 3060 (ποῦ
460 3019 502 3026 -
524 2977 607 3046 ποτέ
634 2985 696 3042 sive
715 2972 835 3062 χρόνος
855 3013 898 3023 -
918 2972 1025 3054 τόπος
1058 2981 1135 3040 sicut
1164 2983 1271 3056 legitur

114 3088 145 3146 iu
168 3087 313 3161 categoria
335 3087 436 3162 quanti
458 3105 486 3162 p.
503 3087 546 3146 45
563 3087 614 3146 24.
631 3085 660 3158 5,
678 3083 706 3144 6.
724 3083 753 3157 6,
770 3083 825 3143 12:
859 3067 987 3158 possunt
1009 3085 1086 3142 cuim
1110 3085 1146 3142 ad
1168 3085 1268 3158 plures

113 3191 275 3264 categorias
309 3193 411 3248 eadem
444 3191 590 3263 pertinere
620 3190 655 3246 cf.
677 3185 728 3259 11,
744 3184 795 3260 37,
829 3190 909 3247 velut
941 3179 1026 3262 ἕξεις
1058 3188 1146 3246 modo
1180 3189 1269 3248 relata

114 3298 185 3348 sunt
205 3295 292 3352 modo
315 3293 411 3366 qualia
433 3293 521 3350 modo
544 3291 672 3351 habendi
695 3291 870 3364 categoriam
887 3289 1026 3362 efficiunt,
1050 3282 1269 3362 θέσειςιοοιίο

113 3393 150 3450 ad
173 3395 347 3468 categoriam
372 3395 446 3454 situs
469 3393 615 3468 pertinent
637 3395 725 3452 modo
748 3393 785 3450 ad
808 3391 911 3465 relata3
935 3409 990 3450 nec
1011 3393 1270 3452 licetinvitoSim-

111 3495 201 3568 plicio
235 3495 329 3555 differt
362 3497 438 3555 inter
464 3493 533 3556 ποῦ
560 3504 588 3554 et
615 3486 722 3555 τόπον
754 3503 820 3553 utro
847 3494 965 3552 nomine
994 3496 1168 3568 categoriam
1195 3497 1270 3553 hanc

112 3597 204 3669 dicas
227 3614 287 3657 non
310 3598 403 3674 magis
426 3614 513 3672 quam
536 3587 719 3657 internosci
742 3606 772 3657 et
793 3585 976 3678 ποιότητας
998 3597 1060 3654 sive
1083 3587 1181 3678 πάθη
1204 3597 1269 3672 ipsc

112 3699 290 3774 distinguit),
315 3701 421 3760 deinde
444 3697 555 3762 ποιεῖν
578 3707 606 3758 et
628 3689 767 3775 πάσχειν
792 3701 825 3773 (i.
839 3716 864 3759 ε.
889 3699 984 3773 quivis
1007 3705 1104 3757 motus
1128 3708 1156 3758 ot
1177 3690 1269 3784 ἐνέρ-

111 3821 201 3883 χεια,
235 3802 314 3860 velut
339 3801 475 3861 currendi
499 3803 534 3860 ci.
551 3799 581 3873 9,
598 3798 638 3859 21
662 3809 691 3860 et
715 3800 839 3875 quodvis
862 3802 982 3874 moveri,
1006 3790 1124 3874 πάθος
1146 3803 1181 3860 ο1.
1202 3803 1269 3862 Plo-

110 3907 162 3964 tin.
187 3921 232 3977 ap.
255 3904 449 3963 Trendeieub.
472 3906 491 3962 l.
516 3921 540 3962 e.
563 3921 591 3977 p.
606 3899 668 3963 233
691 3911 720 3962 et
742 3903 840 3976 ipsum
863 3907 941 3964 hunc
963 3922 992 3979 p.
1009 3899 1104 3976 137),
1139 3905 1267 3979 denique

111 4005 250 4068 κεῖσθαι
269 4015 311 4065 .ε1
333 3996 418 4082 ἔχειν
446 4007 553 4080 quibus
581 4008 728 4081 perfectus
755 4014 854 4065 motus
877 4015 1019 4080 actusque
1046 4003 1146 4063 finitur
1167 4014 1196 4064 et
1218 4008 1270 4065 ab·

112 4108 236 4168 solvitur
257 4110 347 4180 (ruite
371 4110 413 4168 ais
436 4111 557 4169 resultat
572 4110 625 4168 der
639 4109 817 4182 heuegung)
839 4106 1086 4182 respondentibus
1107 4108 1269 4180 categoriae

111 4198 261 4282 πόσεως
294 4228 369 4286 quae
401 4219 523 4270 vocatur
547 4211 675 4285 Platoni,
711 4212 751 4269 ita
777 4209 897 4284 quidem
923 4217 955 4267 ut
976 4207 1114 4270 κεῖσθαι
1135 4201 1267 4283 (θέσις)

111 4313 256 4372 rationem
290 4329 366 4388 quae
394 4329 430 4373 ex
457 4313 588 4372 motione
620 4314 719 4387 prodit
750 4313 840 4372 totius
874 4316 987 4384 spectet
1013 4320 1041 4370 et
1066 4295 1193 4387 partium
1215 4313 1266 4386 (ci.

111 4416 236 4489 neapo.
257 4413 288 4488 4,
305 4413 355 4476 19.
376 4417 407 4488 4,
423 4414 464 4474 26
499 4416 534 4474 ei.
559 4405 652 4490 ὅλον,
678 4409 761 4498 μέρη
787 4415 817 4474 in
839 4415 932 4472 Parm.
961 4413 1058 4487 Categ.
1081 4413 1132 4488 10,
1150 4414 1189 4476 tt
1217 4415 1267 4475 ubi
