3072 5164
789 345 808 405 4

215 514 303 588 igitur
324 514 529 589 philosophiae
557 514 694 572 inventor
716 513 795 572 Plato
819 521 878 584 est,
906 514 1033 572 maxime
1055 515 1085 574 in
1109 515 1245 588 Philebo,
1273 524 1375 578 carme

216 629 285 674 vero
309 617 540 690 supramodum
563 617 653 687 inque
677 613 795 674 nimiam
819 615 1007 674 subtilitatem
1024 631 1125 674 versae
1140 617 1290 688 Platonici,
1315 633 1376 675 me·

216 717 293 774 xime
317 717 501 791 Speusippus
518 717 652 776 Caeneus
669 715 770 787 (Arist
787 717 869 774 Anel.
887 723 963 790 post.
982 719 1009 788 l,
1029 719 1076 777 tt.
1094 719 1129 776 11.
1148 718 1228 791 biog.
1243 719 1275 775 t.
1291 720 1322 788 4,
1338 719 1374 790 2)

220 818 283 890 alii,
311 818 348 876 ab
376 818 471 893 ipsius
498 818 628 878 Platonis
658 817 811 876 manifeste
838 817 932 875 ironia
958 817 988 875 in
1016 817 1174 892 liepublica
1201 826 1230 876 et
1256 819 1375 878 Timaeo

217 919 355 991 ludentis,
379 920 408 978 in
423 920 552 994 Legibus
575 932 643 976 vero
659 926 688 976 et
703 919 875 991 Epinomide
890 919 1067 993 legislatoris
1082 921 1221 994 religioso
1237 933 1374 980 sermone

217 1020 263 1079 usi
287 1023 430 1097 exemplis
453 1023 527 1080 male
550 1019 706 1080 intellectis
727 1019 858 1093 proiecti.
904 1020 1033 1088 Quorum
1062 1022 1224 1080 studiorum
1249 1021 1375 1080 Platoni-

218 1137 318 1182 corum
341 1137 590 1197 numerorumque
613 1120 761 1194 dignitatis
784 1121 906 1196 vestigia
929 1121 1015 1180 etiem
1038 1122 1069 1179 in
1092 1124 1266 1198 scriptorum
1282 1122 1375 1180 medi-

218 1237 319 1282 corum
341 1223 512 1284 collectione
535 1222 730 1282 Alexandrina
757 1238 832 1296 quae
854 1223 1037 1296 llippocratis
1065 1225 1184 1282 nominc
1207 1224 1376 1298 signabatur

218 1322 266 1382 hic
293 1323 351 1382 illio
378 1325 502 1400 vestigia
533 1322 720 1398 reperiuntur
751 1323 802 1394 (cl.
826 1324 912 1382 etiem
935 1323 1153 1398 Androcydem,
1178 1325 1374 1399 Chrysippum

218 1424 363 1483 medicum
376 1427 458 1498 111),
491 1425 676 1498 maximeque
698 1424 729 1482 in
752 1424 826 1483 libro
848 1440 927 1484 nuuc
948 1424 1037 1484 latine
1059 1433 1171 1484 tentum
1195 1433 1310 1484 servato
1337 1426 1374 1484 de

220 1525 386 1600 septenario
412 1526 526 1586 Philoni
553 1535 631 1586 noto.
683 1527 758 1586 Sunt
791 1525 869 1584 euim
897 1527 969 1584 haee
996 1541 1114 1599 quoque
1142 1526 1249 1600 scripte
1276 1527 1374 1586 omnia

218 1625 359 1700 temporis
381 1637 570 1688 monuments
592 1629 712 1688 Platone
727 1635 757 1685 et
771 1625 837 1701 ipso
852 1626 1007 1686 Aristotele
1021 1627 1193 1700 posterioris
1210 1643 1264 1686 neo
1280 1627 1373 1703 magis

219 1741 306 1801 quem
340 1727 517 1804 Pythagoras
550 1729 698 1788 Philolaus
730 1728 866 1786 Timaeus
897 1727 1037 1802 Archytas
1069 1735 1171 1786 auctor
1203 1728 1256 1786 luit
1286 1728 1372 1786 etiam

218 1826 408 1902 llippocrates
431 1830 559 1889 Socratis
581 1830 630 1889 ille
653 1837 682 1888 et
706 1830 859 1888 Democriti
881 1829 1027 1903 aequalis,
1056 1829 1106 1903 qui
1129 1830 1209 1903 quod
1230 1837 1374 1888 testantur

218 1929 299 1987 Plato
326 1938 355 1989 et
380 1931 430 2003 qui
459 1947 519 1990 uno
546 1940 657 1991 tantum
689 1932 755 1990 loco
783 1947 850 1990 eum
882 1940 1024 1990 memorat
1051 1931 1221 1990 Aristoteles
1248 1945 1373 2005 magnus

220 2030 337 2103 quidem
366 2031 420 2089 luit
445 2033 577 2091 medicus
603 2033 675 2091 nihil
703 2041 800 2090 tamen
830 2031 937 2105 scripto
962 2032 1088 2091 tradidit.
1134 2031 1175 2090 llli
1203 2032 1281 2090 enim
1307 2032 1372 2091 libri
1411 2043 1419 2054 ·

219 2140 249 2190 11
270 2131 326 2205 ipsi
349 2132 451 2205 optimi
474 2133 574 2206 etqui
597 2150 614 2191 a
637 2133 785 2193 veteribus
808 2132 915 2192 criticis
938 2132 968 2190 in
991 2132 1050 2190 veri
1066 2133 1248 2206 Hippocratis
1264 2147 1372 2192 nomen

220 2232 319 2292 selecti
342 2233 468 2305 luerunt,
491 2234 570 2294 velut
591 2234 665 2293 liber
686 2236 722 2293 de
745 2235 839 2292 diaeta
862 2233 891 2290 in
914 2233 1026 2292 morbis
1047 2235 1140 2293 aeuus
1160 2235 1196 2293 ab
1211 2235 1377 2308 appendice.

219 2349 294 2407 quae
318 2342 436 2393 vocatur
463 2343 531 2408 post
552 2334 681 2394 Platonis
708 2343 831 2394 aetatem
859 2335 966 2408 scripte
993 2335 1113 2394 minime
1136 2337 1318 2409 separandus
1341 2345 1373 2394 ut

218 2435 282 2508 ipse
304 2442 405 2493 auctor
427 2435 583 2509 significat,
611 2436 678 2494 lieet
706 2437 762 2494 iem
785 2435 854 2494 inde
877 2452 894 2494 e
916 2436 1026 2496 Galeno
1049 2452 1144 2509 usqua
1167 2439 1204 2495 ed
1227 2438 1371 2497 timuerin-

219 2536 295 2594 sium
317 2537 425 2596 eutius
447 2536 516 2595 huic
538 2537 610 2609 parti
637 2518 757 2611 propter
782 2538 930 2611 vulgarem
953 2539 1181 2614 haerentemque
1203 2540 1240 2596 de
1263 2538 1371 2614 llippo-

218 2643 295 2694 crate
328 2643 425 2696 vetere
458 2637 548 2696 totius
582 2638 645 2697 libri
673 2646 791 2698 auctore
819 2639 988 2713 opinionem
1014 2640 1251 2710 adversantibus,
1285 2640 1369 2698 cuius

217 2745 314 2795 temen
336 2746 438 2797 auctor
459 2739 536 2797 idem
564 2740 613 2813 qui
637 2739 701 2799 libri
725 2741 762 2799 de
783 2755 850 2798 aere
872 2740 958 2815 equis
980 2740 1067 2812 locis,
1091 2742 1128 2799 de
1151 2741 1253 2799 morbo
1275 2757 1368 2810 11110,

217 2838 253 2896 de
276 2839 409 2898 fracturis
431 2849 461 2898 et
482 2839 624 2913 1111111111,
648 2843 685 2900 de
707 2841 869 2915 glandulis,
892 2842 928 2899 de
951 2849 1054 2900 natura
1076 2843 1213 2914 hominis,
1236 2843 1369 2914 eliorum,

216 2941 378 3000 anatomiae
401 2942 533 3015 corporis
555 2943 674 3002 burnani
698 2958 757 3002 non
780 2957 901 3016 expers,
926 2944 1004 3016 quod
1028 2951 1060 3002 ut
1081 2945 1118 3002 de
1141 2952 1238 3004 vetere
1260 2945 1369 3018 llippo-

216 3049 293 3102 crate
314 3049 392 3101 recte
414 3051 522 3117 negant
543 3043 701 3117 (Sprengel
715 3045 736 3114 l,
753 3042 824 3114 381,
849 3043 960 3103 llecler
980 3047 1004 3117 1,
1019 3045 1105 3117 121),
1128 3045 1153 3102 si
1176 3046 1212 3103 de
1228 3045 1368 3105 librorum

216 3141 483 3216 llippocraticnrum
506 3158 624 3218 quoque
638 3145 816 3217 aumonbus,
839 3153 991 3219 praecepta
1006 3147 1055 3204 illa
1070 3155 1099 3206 et
1111 3147 1215 3206 tradite
1229 3147 1367 3222 opinione

214 3259 336 3317 prorsus
359 3246 498 3304 lelluntur
520 3244 571 3317 (11.
584 3243 682 3318 ipsum
699 3253 845 3306 tumorem
863 3247 928 3306 libri
945 3249 982 3306 de
997 3249 1127 3307 articulis
1142 3250 1172 3306 T.
1190 3250 1223 3307 ll.
1239 3265 1266 3322 p.
1282 3248 1366 3320 198),

213 3346 250 3404 ab
271 3354 389 3406 auctore
412 3362 480 3405 vero
506 3343 685 3419 prognostiai
712 3346 861 3419 diversus,
889 3349 1108 3409 diversissimus
1134 3351 1251 3409 undem
1279 3358 1308 3408 11
1329 3350 1366 3408 ab

212 3454 330 3506 1011011
351 3448 417 3506 libri
440 3450 477 3506 da
499 3447 588 3506 veteri
612 3446 756 3506 medicine
782 3451 820 3509 dc
841 3465 901 3523 quo
923 3465 1015 3524 agens
1037 3449 1186 3510 llrmerins
1208 3451 1365 3510 Littreeum

211 3556 289 3607 recte
311 3549 446 3608 refutavit
467 3581 509 3592 —
530 3550 702 3608 referendus
724 3557 771 3608 est
785 3550 863 3609 enim
879 3551 955 3610 inter
968 3553 1189 3612 recentissimos
1205 3559 1234 3610 et
1247 3558 1366 3625 propter

210 3649 378 3710 universam
406 3651 535 3708 rndolem
563 3657 592 3708 et
614 3652 693 3724 quod
725 3659 873 3710 auctorem
901 3652 1000 3726 ipsum
1028 3653 1167 3712 libmrum
1201 3655 1238 3712 de
1270 3652 1365 3712 diaeta

209 3750 445 3824 philosophicum
469 3751 623 3810 manifesto
646 3759 796 3826 oppugnet
816 3785 859 3796 —
886 3761 915 3811 11
941 3755 977 3812 sb
1004 3756 1239 3828 aphorismorum
1266 3755 1366 3814 idest

210 3851 420 3910 sententiarum
444 3867 459 3910 e
482 3851 607 3912 dirersis
636 3853 814 3913 medicorum
843 3853 958 3928 scriptis
986 3871 1112 3930 qumum
1139 3857 1253 3930 perdite
1275 3857 1365 3916 multa

207 3950 272 4024 ipsa
299 3951 356 4010 iam
384 3954 574 4029 Hippocraten
601 3955 690 4014 citant
717 3963 809 4014 etex
835 3955 909 4030 ipsis
938 3958 1024 4017 etiam
1048 3959 1097 4033 qui
1126 3973 1204 4016 nunc
1227 3959 1365 4033 leguntur

205 4051 416 4127 llippocraticis
439 4054 649 4129 descriptarum
672 4070 727 4116 uec
746 4073 810 4116 raro
826 4058 882 4117 sibi
898 4059 1158 4120 conuadicentium
1174 4059 1363 4134 compilatore

204 4152 466 4215 Alexandrinorum
489 4156 549 4214 1111
573 4156 669 4214 studia
691 4158 845 4233 referente,
870 4161 946 4222 siout
960 4162 1025 4220 libri
1040 4177 1101 4221 non
1116 4161 1361 4224 minusreoentes

204 4255 253 4329 qui
281 4256 482 4318 inscribuntur
504 4252 645 4319 Κωακαὶ
667 4251 874 4340 neopoleos
897 4271 925 4322 et
947 4254 1177 4346 Προρρητικόν
1199 4257 1229 4328 α’
1252 4266 1357 4324 -illi

201 4356 289 4428 igitur
315 4360 378 4418 libri
407 4360 599 4433 llippocratiei
628 4361 657 4420 in
685 4361 814 4435 priorum
845 4365 998 4423 sententiis
1021 4365 1201 4440 explicandis
1225 4375 1255 4426 11
1277 4367 1356 4425 retu·
