3036 5164
750 295 752 300 ’
791 315 853 378 rsa

173 517 205 562 η
249 494 348 570 operis
374 494 559 570 partiumque
586 489 759 550 divisionem
786 489 904 546 exhibet
931 487 982 560 (ct.
1007 487 1092 545 etiam
1116 486 1213 543 Averr.
1240 481 1321 557 Epit.
1345 481 1404 540 Met.

251 613 279 671 p.
297 588 385 670 357).
430 581 523 666 Quam
545 595 584 653 ita
606 593 693 652 inicit
716 589 859 650 Avarroes
882 589 925 663 (p.
942 586 1059 661 286h):
1099 587 1196 658 „Haec
1220 599 1346 644 summa
1367 589 1407 640 cst
1479 628 1480 631 .

251 711 354 757 eorum
378 699 484 774 quibus
507 696 670 756 Alexander
691 701 875 769 praesentem
903 693 978 749 hauc
1001 689 1156 748 dictionem
1179 687 1310 762 aperuit.
1356 685 1408 743 Nee

253 802 397 859 absonum
420 809 465 860 est
493 803 549 859 hue
573 813 690 872 quoque
713 796 817 854 afferre
845 807 976 867 eaquae
1004 793 1041 850 ad
1067 790 1260 850 summariam
1292 788 1408 846 aliarum

253 902 342 960 huius
365 903 504 961 scientiae
527 901 687 959 dictionum
709 896 930 969 intelligentiam
946 895 1109 952 Alexander
1123 890 1327 966 praeposuit.”
1358 889 1409 946 Nec

253 1019 323 1062 vero
345 1004 509 1063 Alexandro
530 1004 558 1060 in
584 1003 637 1058 hac
658 1015 690 1057 re
713 1013 892 1057 consensere
917 1013 1015 1071 neque
1041 995 1220 1069 posteriores
1246 989 1410 1050 Aristotelis

253 1104 428 1178 interpretes
454 1119 551 1178 neque
579 1103 652 1160 adeo
679 1099 869 1174 antiquiores.
914 1098 986 1156 Nam
1013 1099 1091 1170 quod
1118 1096 1155 1154 ad
1181 1095 1265 1153 illam
1296 1093 1334 1151 de
1356 1091 1411 1148 Ari-

255 1207 368 1264 stotelis
392 1207 473 1264 libris
497 1204 576 1263 omni
598 1211 764 1276 temporum
787 1200 892 1259 iniuria
907 1199 1053 1273 corruptis
1064 1199 1227 1272 augendam
1242 1194 1410 1270 opinionem

255 1305 381 1365 maxime
403 1307 511 1366 lecerat
533 1310 673 1364 nontam
696 1303 767 1360 illud
790 1309 852 1361 erat
874 1301 953 1375 quod
977 1301 1084 1374 singuli
1100 1305 1201 1358 assant
1217 1296 1335 1371 glossis
1347 1310 1409 1353 cou-

251 1407 386 1464 'taminati
421 1425 508 1481 qnam
538 1405 636 1482 potius
669 1405 748 1478 quod
781 1404 914 1462 ordinem
946 1401 1138 1477 metaphysici
1165 1399 1269 1474 operis
1300 1411 1410 1456 omnem

258 1506 405 1566 turbatum
438 1525 505 1568 esse
538 1508 670 1566 viderent
696 1505 799 1564 alienis
829 1505 912 1564 libris
945 1503 1067 1577 integris
1100 1501 1287 1576 interpositis
1321 1499 1410 1572 iisque

259 1605 333 1664 adeo
366 1607 415 1680 qui
448 1609 552 1681 partim
585 1609 708 1667 eandem
742 1607 903 1666 doctrinam
934 1605 1100 1679 compendii
1125 1605 1227 1662 instar
1262 1602 1409 1666 referrent,

203 1794 205 1798 Ι
258 1706 365 1778 partim
388 1723 424 1766 ex
446 1709 568 1768 aliorum
593 1711 656 1770 eius
678 1711 820 1768 librorum
842 1709 916 1766 locis
939 1711 1040 1766 essent
1062 1705 1270 1766 consarcinati.
1308 1703 1409 1771 Quare

259 1807 445 1883 maximeque
467 1811 540 1869 libro
563 1799 590 1869 κ’
620 1811 775 1869 commotis
801 1809 952 1867 nonnullis
979 1808 1262 1868 commentatorihus
1285 1803 1407 1878 suspicio

260 1907 310 1966 illa
330 1919 398 1970 nata
420 1921 465 1972 est
486 1921 516 1971 et
537 1911 705 1971 coniectura
726 1914 776 1984 (ea
798 1912 969 1980 enituerat,
993 1925 1052 1968 non
1072 1911 1148 1986 lama
1168 1909 1292 1981 tradita)
1316 1913 1409 1980 postu·

261 2023 341 2068 mum
363 2013 435 2071 illud
456 2013 621 2073 Aristotelis
650 2028 725 2086 opus
748 2028 816 2070 esse
839 2019 867 2069 et
889 2029 906 2070 a
928 2011 1080 2085 discipulis
1108 2011 1171 2068 eius
1198 2018 1270 2083 post
1294 2011 1408 2066 mortem

261 2109 372 2168 editum
394 2114 524 2188 (Asclep.
542 2112 628 2174 5131)
644 2110 685 2173 33
699 2105 762 2185 sqq.
786 2114 821 2170 ct.
839 2112 910 2186 680,
928 2113 978 2174 to.
1003 2113 1082 2186 quod
1105 2113 1140 2169 ad
1163 2109 1364 2169 recentiorum
1379 2106 1408 2162 do

262 2209 386 2284 Metaph.
410 2215 551 2274 librorum
575 2214 651 2272 serie
674 2213 888 2286 disputationes
911 2215 946 2272 el.
970 2213 1072 2272 Bonita
1096 2212 1207 2271 Corum.
1231 2227 1262 2284 p.
1280 2202 1406 2274 31-35,

262 2311 369 2384 quihus
392 2325 460 2391 post
486 2318 579 2392 ipsam
608 2316 744 2390 optimam
768 2315 890 2373 Bonitzii
919 2315 1079 2374 novissima
1105 2312 1231 2372 accessit
1257 2313 1408 2384 illaquam

212 2471 222 2492 ,
262 2413 292 2472 in
319 2416 394 2476 libro
417 2418 505 2478 inser.
535 2417 636 2478 Studia
661 2417 692 2474 in
714 2417 802 2476 Arist.
825 2419 844 2475 l.
873 2418 1035 2490 metaphys.
1063 2417 1175 2488 collata,
1198 2415 1298 2474 Berol.
1323 2407 1406 2478 1853,

265 2519 407 2589 sagaciori
451 2519 501 2578 illo
545 2535 632 2593 quam
673 2519 779 2577 verimi
817 2519 909 2578 edidit
946 2518 1033 2575 Wilh.
1068 2518 1166 2576 Christ
1203 2534 1231 2592 p.
1258 2505 1408 2576 88-113

232 2649 236 2656 ·
264 2617 334 2674 mihi
349 2622 478 2680 omnino
505 2620 723 2694 improbatam).
779 2621 879 2693 Neque
896 2619 991 2677 enim
1013 2617 1043 2676 in
1065 2618 1272 2678 Alexandrinis
1296 2617 1408 2688 aliisque

263 2715 450 2779 bibliothecis
472 2722 603 2780 extitisse
626 2722 801 2794 exemplaria
824 2737 839 2778 a
862 2720 972 2778 nostris
995 2722 1119 2792 diversa,
1144 2722 1310 2794 sedpotius
1328 2718 1408 2776 libros

263 2818 331 2877 illos
359 2823 575 2898 metaphysioos
602 2824 714 2882 alienos
741 2823 934 2897 auctorisque
954 2821 1073 2880 nomine
1102 2823 1177 2880 male
1204 2830 1338 2881 carentes
1359 2832 1408 2876 una

265 2935 332 2977 cum
355 2923 470 2997 ceteris,
494 2924 570 2982 sieut
592 2921 669 2981 idem
693 2925 800 2982 lactum
822 2930 867 2983 est
889 2924 920 2982 in
942 2923 1153 2996 Hippocratieis
1166 2923 1407 2993 Democriteisque

264 3020 321 3080 illis
345 3025 395 3106 qui
418 3041 455 3084 ex
477 3025 602 3083 diversis
625 3025 748 3082 aliorum
774 3027 878 3098 partim
904 3027 1046 3084 librorum
1073 3032 1174 3082 essent
1200 3025 1334 3095 consuti,
1359 3023 1407 3079 iam

264 3123 470 3184 Alexandrinis
496 3125 534 3184 ita
561 3125 653 3183 luisse
676 3124 811 3197 oblatoss
828 3127 858 3184 id
878 3127 925 3186 rel
947 3125 1056 3186 Nicolai
1078 3125 1253 3184 Danaasceni
1276 3121 1407 3185 sententia

266 3225 352 3284 docet
373 3228 409 3285 ab
433 3229 559 3286 Averroe
591 3227 676 3286 citata
706 3235 735 3285 et
757 3244 793 3286 ex
815 3228 879 3287 eius
907 3229 1024 3302 quidem
1048 3228 1314 3302 Motaphysicorom
1335 3239 1407 3301 para-

265 3326 364 3398 phrasi
388 3338 493 3403 sumta‚
517 3328 615 3403 operis
638 3330 675 3387 de
696 3329 860 3388 Aristotelis
887 3329 1074 3404 philosophia
1095 3328 1124 3387 in
1146 3331 1216 3403 ling.
1239 3329 1325 3390 Arab.
1348 3341 1407 3386 con·

266 3429 343 3488 versi
377 3439 458 3504 parte
491 3433 542 3504 (cl.
567 3431 703 3490 Wenrloh
726 3447 754 3504 p.
771 3431 843 3492 294.
860 3430 932 3492 306.
966 3431 1065 3505 Meyer
1090 3432 1180 3504 prael.
1208 3432 1245 3490 ad
1268 3421 1357 3490 Nicol.
1378 3429 1407 3484 de

265 3532 372 3604 plantis
394 3549 422 3606 p.
440 3531 481 3594 ta
493 3549 557 3608 sqq.
582 3535 697 3607 Roeper
718 3535 809 3591 Laett.
834 3533 957 3606 Abulph.
981 3549 1009 3605 p.
1027 3529 1162 3592 35-43,
1186 3534 1310 3594 delihro
1323 3533 1406 3600 Quae-

266 3631 394 3690 stionum
418 3635 527 3694 Nicolai
550 3637 586 3693 cl.
609 3635 717 3693 Athert.
741 3635 835 3708 Magn.
852 3635 884 3706 ΙΙ,
901 3633 973 3693 110.
991 3631 1062 3694 139.
1085 3633 1221 3693 Haureau
1243 3638 1280 3695 de
1303 3638 1329 3695 la
1347 3629 1406 3707 phil.

267 3733 835 3810 51111111470111.1111110111.
859 3733 1039 3809 1116511.)
1072 3744 1102 3794 et
1130 3737 1201 3796 satis
1234 3739 1352 3812 eopiosa
1382 3736 1407 3788 ut

267 3833 373 3895 docent
395 3838 451 3895 toci
474 3839 509 3896 ab
533 3838 659 3898 Averroe
682 3839 757 3898 citati
782 3840 824 3911 (p.
842 3834 1004 3912 l.73esqq.
1021 3835 1119 3898 17411.
1142 3840 1178 3896 cs.
1195 3837 1288 3900 3280.
1316 3831 1405 3906 simpl.

268 3938 304 3996 de
321 3937 409 3997 Coelo
425 3935 498 4012 433,
515 3936 572 4012 23)
596 3941 704 4014 quihus
728 3940 845 4014 supplet
866 3939 915 3998 ille
938 3955 1013 4014 quae
1035 3939 1065 3998 iu
1088 3943 1246 4014 exemplari
1269 3957 1323 4000 suo
1339 3932 1406 3996 exci-

268 4039 370 4098 derant
402 4039 448 4114 (6,
464 4037 493 4100 7.
516 4059 545 4115 p.
563 4039 656 4114 1032,
673 4039 715 4102 ⁸28
731 4076 770 4084 -
787 4037 894 4102 103211
912 4040 939 4101 5.
964 4042 999 4099 cl.
1024 4043 1061 4099 ad
1082 4059 1111 4115 p.
1128 4040 1221 4115 1033,
1238 4044 1332 4117 tsqq.
1353 4035 1403 4094 Nil·

267 4137 436 4214 1741)-
465 4145 623 4203 Andronici
657 4161 775 4232 quoque
809 4153 876 4202 nota
910 4152 956 4202 est
989 4121 1200 4218 categoriarum
1234 4135 1405 4219 paraphrasis

268 4243 406 4314 (Brendis
429 4245 509 4303 Aust.
526 4241 614 4319 2731,
638 4263 724 4320 quam
748 4255 850 4319 postea
873 4247 1089 4304 commentandi
1111 4246 1254 4306 rationem
1270 4236 1403 4306 renovarit

268 4345 445 4406 Themistius
468 4349 573 4421 (prael.
598 4349 626 4406 in
651 4347 731 4406 Aual.
756 4350 848 4420 post.)
871 4381 922 4419 —-‚
946 4363 1002 4421 qua
1026 4348 1073 4405 illc
1101 4348 1156 4406 iam
1181 4365 1255 4422 quae
1283 4335 1404 4405 1111111.ς
1479 4423 1480 4428 γ

1479 4609 1480 4616 t

1463 4661 1466 4676 l

1418 4759 1482 5146 ⁶⁴⁶1

1166 5119 1168 5126 ι
1347 5111 1412 5130 ᾼΑ
