3072 5164
812 361 853 422 34

261 533 353 596 1591.
377 551 405 609 p.
423 531 490 606 27),
514 535 567 592 sed
589 539 708 608 propter
731 533 824 605 ipsam
848 529 1012 589 studiorum
1035 530 1178 588 rationem
1201 530 1413 602 hominumque

260 636 407 712 pigritiam
434 653 450 694 a
477 634 685 708 metaphysicis
718 633 823 692 studiis
850 634 1065 692 abhorrentem.
1115 629 1204 690 Primi
1230 631 1413 706 Peripatetici

261 739 479 811 Theophrastus
500 736 649 794 Eudemus
671 735 765 794 Strato
782 733 890 808 aliique
905 717 1095 809 ignobiliores
1113 732 1267 806 diligenter
1282 731 1413 806 magistri

262 840 354 898 libros
386 843 612 897 attrectaverant
643 846 730 911 atque
764 836 875 909 ingenti
909 837 1085 910 operositate
1119 835 1251 909 singulos
1280 844 1415 908 quosque

261 939 412 998 doctrinae
434 940 516 997 locos
540 953 594 996 nec
616 939 715 998 minus
737 937 858 1013 physica
880 937 1078 1012 metaphysica
1099 936 1192 1010 logica
1215 951 1303 1011 quam
1321 935 1417 993 ethica

263 1049 292 1100 et
312 1039 452 1099 historica
474 1039 630 1098 scribendo
653 1040 881 1112 explicaverunt,
909 1044 994 1096 aucto
1016 1053 1158 1097 novarum
1181 1044 1326 1099 sectarum
1349 1036 1416 1112 ipso

263 1141 422 1200 certamine
444 1139 608 1198 studiorum
630 1141 742 1199 ardore.
788 1139 868 1209 Quae
891 1155 960 1198 vero
984 1155 1074 1212 quum
1102 1139 1216 1214 aequali
1244 1139 1308 1196 iure
1330 1137 1415 1210 quasi

263 1242 438 1301 constitutae
461 1248 563 1300 essent
577 1243 846 1316 sententiarumque
861 1241 1013 1300 diuersitas
1025 1241 1055 1300 in
1068 1239 1311 1299 consuetudinem
1323 1237 1417 1297 abiret

263 1351 351 1416 atque
374 1342 404 1400 in
426 1342 633 1416 negligentiam
656 1351 817 1416 certamen,
844 1359 911 1401 mox
939 1344 1020 1401 omni
1043 1358 1114 1401 aevo
1141 1343 1313 1402 adductam
1337 1342 1415 1398 illam

264 1444 494 1502 mediocritatem
515 1452 654 1519 vergente
666 1447 750 1504 cuius
765 1461 854 1504 aurea
869 1445 955 1503 sedes
971 1445 1025 1502 luit
1038 1459 1174 1502 museum
1187 1443 1416 1502 Alexarmrinum

263 1553 350 1619 atque
373 1545 520 1604 residente
541 1533 784 1619 philosophorum
805 1547 836 1606 in
859 1547 1063 1620 cognoscenda
1085 1561 1183 1604 rerum
1205 1553 1309 1604 natura
1324 1561 1340 1604 a
1355 1559 1417 1602 me-

265 1647 338 1705 dicis
361 1646 446 1718 quasi
469 1654 497 1704 et
518 1647 729 1704 mathematicis
753 1655 892 1720 occupata
914 1647 1072 1722 diligentia,
1096 1654 1127 1706 ut
1149 1649 1185 1705 ad
1209 1648 1353 1720 paratiora
1368 1645 1414 1706 illa

266 1756 295 1808 et
326 1747 463 1806 omnibus
491 1747 575 1806 obvia
609 1763 684 1820 quae
714 1747 912 1807 mediocribus
946 1749 1032 1807 etiam
1065 1748 1192 1822 ingeniis
1227 1748 1356 1822 speciem
1388 1756 1416 1806 et

265 1850 466 1908 auctoritatem
487 1849 620 1907 tribuunt
641 1849 847 1923 quaestionum
870 1851 1022 1910 moralium
1046 1849 1251 1908 ventilationes
1271 1844 1416 1924 ¹gramma-

265 1951 397 2025 ticosque
421 1958 450 2010 et
471 1951 626 2010 historicae
648 1950 797 2009 doctrinae
820 1951 919 2012 faciles
941 1952 1043 2012 laudes
1066 1953 1280 2022 delaberentur,
1304 1951 1334 2008 id
1356 1965 1414 2008 non

260 2053 360 2111 solum
399 2053 598 2126 Peripateticis
619 2059 704 2126 ,post
738 2053 887 2127 Lyconem
931 2055 1081 2128 (Appuleii
1104 2054 1186 2128 Apol.
1210 2069 1238 2127 p.
1251 2053 1314 2112 447
1338 2053 1413 2112 Oud.

264 2155 300 2210 ci.
324 2170 352 2226 p.
368 2149 441 2212 477.
471 2153 558 2212 Stabr
578 2153 668 2212 Arist.
690 2155 718 2211 b.
742 2155 771 2211 d.
793 2155 922 2214 Rdmeru
949 2174 976 2230 p.
994 2155 1066 2214 144.
1094 2158 1131 2215 de
1158 2155 1280 2214 Eudemi
1309 2155 1415 2213 studiis

262 2253 473 2329 physiologicis
495 2254 531 2312 ci.
549 2255 648 2316 Galea.
666 2255 697 2327 V,
714 2253 777 2316 602
792 2257 864 2328 etc.)
887 2257 933 2314 vel
954 2258 1076 2332 physica
1097 2257 1194 2316 studia
1209 2257 1415 2316 deserentibus

216 2383 217 2392 ν
263 2356 367 2414 accidit
390 2357 443 2414 sed
466 2356 544 2414 idem
567 2357 653 2416 etiam
676 2356 857 2416 Academicis
881 2366 910 2416 el
924 2359 1039 2432 Stoicis,
1064 2360 1174 2419 scilicet
1189 2366 1222 2417 ut
1236 2357 1415 2418 difficillimis

260 2459 321 2517 illis
344 2465 475 2516 veterum
497 2458 740 2532 philosophorum
763 2461 901 2533 operibus
924 2461 1037 2520 sensim
1060 2461 1200 2520 oblivioni
1222 2460 1298 2518 datis
1320 2467 1415 2520 secta-

263 2576 329 2618 rum
362 2559 458 2633 iurgia
488 2559 519 2616 ia
552 2559 626 2632 ipsis
659 2561 719 2618 lere
753 2562 877 2620 summis
910 2562 1064 2622 sententiis
1097 2571 1126 2622 et
1151 2561 1277 2621 maxime
1311 2558 1415 2620 ethicis

261 2661 463 2720 examinandis
490 2667 519 2718 et
546 2661 737 2720 defendendis
767 2664 923 2738 verbisque
951 2665 1098 2724 mutandis
1120 2665 1171 2738 (ci.
1194 2663 1361 2737 llieronyar.
1384 2671 1416 2722 et

174 2775 177 2778 ·
263 2763 419 2822 Diodorum
444 2763 521 2834 apud
544 2761 602 2820 Cic.
627 2764 663 2822 dc
678 2763 728 2822 fia.
745 2762 774 2837 5,
790 2763 831 2825 et
844 2767 914 2838 etc.)
937 2767 1100 2825 haererent
1145 2767 1207 2826 Hoc
1229 2773 1275 2824 est
1296 2764 1415 2839 Peripa-

260 2865 415 2924 teticorum
448 2865 593 2922 famosum
625 2866 697 2925 illud
730 2861 830 2930 θέσιν
862 2858 1044 2950 φυλάττειν
1076 2869 1127 2941 (el.
1152 2869 1252 2928 Galen.
1273 2863 1414 2939 1v‚735:

260 2955 348 3028 ταῦτ’
372 2956 469 3038 νέαις
480 2955 682 3048 φυλάττοιτο
698 2962 796 3032 θέσιν
810 2958 858 3043 ὡς
873 2959 1102 3052 Ἀριστοτέλης
1117 2961 1223 3037 εἴωθα
1238 2964 1344 3053 λέγειν
1356 2979 1413 3030 ete.

261 3070 298 3128 ci.
322 3069 408 3128 Arist.
423 3068 478 3126 Αα.
495 3075 571 3141 post.
589 3066 681 3128 1831)
694 3068 722 3130 5.
746 3073 816 3146 Top.
833 3069 905 3146 tae,
922 3073 971 3132 22.
995 3062 1059 3132 lltb.
1076 3073 1105 3146 1,
1121 3072 1141 3133 3
1158 3075 1207 3133 lin.
1224 3083 1281 3135 etc.
1301 3073 1414 3147 Hippo·
1444 3111 1446 3116 ·

260 3169 338 3228 lochi
360 3169 397 3255 ad
419 3169 567 3243 Lynceum
589 3173 682 3246 perip.
706 3173 829 3247 epistola
852 3191 897 3248 ap.
921 3175 1071 3247 Athenai,
1088 3173 1165 3237 13οε
1189 3168 1229 3238 σύ
1251 3171 1289 3237 δὲ
1308 3166 1415 3252 μόνον

260 3264 295 3332 έν
325 3259 492 3350 Ἀθήναις
525 3265 633 3348 μένων
666 3263 913 3352 εὐδαιμονίζεις
944 3269 1004 3350 νας
1039 3267 1258 3360 Θεοφράστου
1294 3273 1414 3351 θέσεις

260 3363 399 3436 ἀκούων.
415 3366 532 3446 θέσεις
553 3382 622 3433 sunt
643 3376 747 3449 placita
769 3378 799 3434 in
822 3361 1008 3454 philosophia
1029 3381 1185 3454 paradoxa,
1209 3397 1283 3456 quae
1305 3381 1415 3454 cuique

260 3483 357 3536 sectas
379 3476 505 3534 maxime
527 3477 655 3550 propria,
678 3479 726 3536 Ar.
750 3479 866 3554 lupi,
884 3480 933 3540 11..
969 3483 1160 3556 Theophrasti
1182 3479 1299 3558 θέσεις
1320 3485 1353 3540 lth
1377 3485 1411 3542 L.

257 3580 288 3650 4,
304 3576 355 3638 et.
379 3579 488 3638 Theon.
504 3589 657 3654 progymn.
674 3597 719 3655 ap.
737 3582 816 3642 Walz
832 3586 853 3655 l,
864 3582 952 3658 165.)
978 3587 1056 3658 quod
1079 3577 1197 3656 θέσεις
1219 3577 1413 3666 ληκαθέζειν

258 3680 328 3739 dicit
354 3679 468 3740 Strabo.
511 3681 684 3754 Exemplum
715 3685 805 3744 huius
837 3687 880 3744 rei
913 3686 1097 3759 aptissimum
1126 3685 1243 3745 Critolai
1269 3689 1410 3763 physicae

163 3851 165 3855 ,
257 3781 308 3854 (el.
325 3781 394 3852 Top.
412 3779 504 3853 1,14.
519 3779 580 3842 105
594 3783 681 3857 121)
703 3787 822 3844 theseos
845 3787 1053 3861 Peripateticae
1069 3791 1105 3847 de
1120 3789 1222 3846 mundi
1238 3789 1409 3848 aeternitate

255 3889 356 3944 eontra
379 3883 495 3942 Stoicos
518 3885 650 3944 defensio
673 3894 718 3946 est
726 3887 889 3946 dialecticis
901 3889 994 3963 magis
1010 3905 1097 3963 quam
1113 3889 1305 3950 aristotelicis
1320 3907 1409 3964 argu-

252 3985 359 4046 mentis
374 3984 422 4044 usi
436 3984 677 4062 academicisque
690 3991 741 4063 (ci.
759 3990 938 4063 Clitomachi,
955 3991 1005 4064 qui
1020 3990 1177 4065 aanor
1187 3982 1271 4074 ἀνὴρ
1283 3984 1317 4052 ἐν
1333 3990 1408 4064 ταῖς

253 4080 360 4169 τρισὶν
376 4076 543 4172 αἱρέσεσιν
562 4080 746 4173 διατρίψας
768 4091 885 4165 dieitur,
907 4095 979 4152 deos
995 4109 1063 4152 esse
1075 4095 1210 4168 negantis
1222 4095 1407 4152 demonstra-

250 4189 347 4250 tiones
361 4207 407 4264 ap.
424 4191 503 4251 Sext.
519 4195 601 4266 Emp.
616 4190 680 4251 tce
691 4208 735 4266 sq.
761 4193 819 4254 Cic.
836 4211 864 4254 n.
882 4197 909 4254 d.
927 4193 955 4267 2,
973 4193 1115 4267 tta-14)
1138 4201 1167 4254 et
1190 4193 1296 4256 Stoicis
1317 4195 1404 4268 plane

249 4291 407 4364 similibus,
445 4311 470 4352 v.
486 4297 578 4367 apud
605 4293 758 4353 Philonem
787 4297 822 4354 de
844 4297 946 4356 mundi
980 4304 1089 4356 aetern.
1113 4298 1159 4354 ed.
1183 4297 1294 4356 manci.
1319 4295 1402 4356 icet

246 4389 535 4466 uttan—etra,
559 4397 594 4453 cl.
618 4395 688 4454 ibid.
712 4397 905 4468 posteriorem
928 4399 1070 4456 Boethum
1094 4399 1123 4458 in
1146 4399 1246 4458 multis
1261 4415 1276 4456 a
1294 4399 1402 4456 Stoicis
