3036 5164
805 373 846 436 36

254 549 408 612 Plutarcho
423 551 488 610 adv.
501 549 563 608 Gol.
576 547 618 610 20
640 548 828 622 dehetphieo
852 547 902 604 illo
925 541 1034 626 γνῶθι
1056 535 1180 604 concor
1202 538 1409 615 philosophiae

254 651 420 714 Socraticae
446 649 621 726 principio),
654 651 680 710 is
713 649 877 710 secundnm
906 647 1145 722 olympiodorum
1179 641 1225 718 (iu
1248 643 1335 715 Gorg.
1360 639 1409 698 ed.

255 751 320 814 nto.
345 753 419 813 labo
444 751 475 810 in
501 751 598 836 Jahn's
625 751 730 812 Archiv
746 751 815 810 XlV.
842 745 1046 823 Leipz.1848
1068 743 1191 822 patto)
1223 733 1322 826 λόγος
1356 741 1413 800 init

255 845 514 934 ἕμιωμιαοιικὸς
536 841 573 916 <ie
594 855 652 915 vita
673 853 802 912 Platonis
839 843 1026 926 (ἐκτίθεται
1047 843 1109 933 peip
1130 841 1189 910 cdv
1209 839 1284 928 βίον
1305 833 1413 907 αὐτοῦ

257 949 314 1017 καί
343 943 577 1037 carcanensi)
616 956 665 1030 qni
700 955 898 1031 Speusippum
937 955 1059 1016 decebat
1094 951 1196 1024 (cuius
1226 938 1414 1020 Πλάτωνος

256 1047 419 1139 ἐγκῶμιοι
439 1061 528 1122 habet
550 1058 637 1118 index
660 1059 692 1118 n.
708 1058 740 1116 L.
756 1055 787 1128 4,
804 1052 839 1129 5)
862 1063 892 1115 et
912 1057 1127 1114 Hermodorum
1151 1055 1187 1112 de
1208 1053 1267 1112 vita
1280 1049 1413 1109 Platonis

259 1159 437 1220 scribentem
464 1168 636 1235 ceterosque
658 1158 834 1232 Platonicos,
857 1174 917 1217 non
940 1157 1133 1218 Aristotelem.
1179 1155 1259 1225 Quae
1282 1169 1352 1212 vero
1376 1155 1414 1211 de

260 1261 419 1336 Speusippi
447 1270 476 1320 et
501 1261 672 1324 Xenocratis
705 1261 891 1336 philosophia
923 1261 1052 1319 edidisse
1085 1259 1272 1330 credebatur,
1305 1271 1342 1315 en
1369 1256 1415 1315 vel

259 1363 432 1426 Xenocratis
458 1379 581 1437 nomen,
608 1364 693 1424 cuins
721 1379 812 1438 quum
838 1379 1030 1422 numerorum
1056 1362 1219 1422 doctrinam
1240 1375 1331 1434 saepe
1352 1373 1416 1416 ma·

260 1465 398 1540 ximeqne
419 1465 450 1524 in
472 1466 677 1542 Metaphysicis
705 1466 811 1526 relutet
840 1481 1002 1540 numquam
1028 1473 1126 1526 tamen
1152 1469 1254 1539 utpote
1289 1461 1417 1522 viventis

262 1574 301 1652 et
323 1566 409 1628 amici
442 1583 550 1628 nomen
582 1569 683 1644 tangit,
701 1575 784 1651 xpost
810 1567 856 1626 Oi.
879 1564 994 1644 1133
1027 1575 1211 1641 mortemque
1242 1563 1417 1624 Xenocratis

263 1667 371 1744 scripta
393 1685 461 1730 esce
483 1670 587 1746 arguit.

349 1769 496 1845 cognatae
522 1773 738 1848 quodammodo
766 1780 795 1832 et
821 1771 933 1832 ratione
960 1781 990 1832 et
1016 1771 1141 1832 consilio
1169 1769 1301 1830 historiis
1322 1769 1417 1844 phito-

265 1871 369 1946 sophis
391 1872 555 1948 ceterisque
576 1873 666 1934 hnins
688 1874 806 1950 generis
828 1883 898 1934 sunt
913 1877 1067 1952 epitomae,
1091 1871 1419 1948 qnasiecissetraditur

265 1972 436 2036 Aristoteles
462 1975 604 2036 librorum
627 1976 842 2036 Platonicorum
869 1986 898 2036 et
919 1977 1106 2053 Reipublicae
1129 1977 1177 2050 (n.
1193 1977 1225 2034 L.
1242 1971 1272 2048 5,
1288 1973 1340 2034 22.
1363 1973 1417 2032 dn.

266 2073 366 2134 Wenr.
382 2073 460 2150 1443
483 2077 530 2138 cit
553 2079 647 2138 Procl.
670 2080 760 2155 praef.
784 2080 815 2138 in
836 2079 879 2138 Pl.
903 2080 1004 2155 itemp.
1028 2095 1087 2138 see.
1106 2077 1216 2137 Fabrie.
1229 2069 1304 2138 nihl.
1317 2094 1360 2152 gr.
1374 2077 1418 2148 lli,

265 2175 331 2239 400
345 2177 439 2250 Harl.)
463 2185 492 2237 et
513 2180 625 2254 Legum
646 2181 695 2252 (b.
711 2182 744 2240 L.
761 2179 790 2253 5,
807 2179 857 2239 22.
873 2181 944 2254 An.)
972 2189 1000 2241 et
1021 2180 1130 2241 Timaei
1156 2177 1202 2254 (5,
1220 2176 1270 2240 25.
1286 2180 1359 2252 An.)
1382 2179 1418 2237 et'.

268 2278 370 2353 Simpl.
394 2281 431 2342 tie
453 2276 638 2341 melereto
654 2277 696 2342 37
722 2283 772 2341 nbi
799 2282 876 2344 hene
904 2299 994 2342 nosse
1020 2281 1206 2342 Aristotelem
1234 2281 1364 2341 Platonis
1390 2279 1418 2340 in

266 2379 383 2440 Timaeo
406 2382 581 2442 sententiam
604 2400 639 2442 eo
662 2401 781 2460 quoque
803 2382 1012 2460 comprobatur
1034 2387 1113 2460 quod
1135 2385 1184 2444 ille
1205 2383 1252 2444 vel
1276 2373 1422 2470 σύνοψιν

268 2470 291 2564 ἢ
313 2471 477 2566 ἐπιτομὴν
501 2481 562 2546 τοῦ
576 2476 733 2564 ’Τιμαίου
754 2476 896 2572 γράφειν
923 2476 982 2548 οὐκ
1008 2475 1191 2571 ἀπηξίωσε,
1213 2499 1301 2562 quem
1324 2491 1421 2546 tamen

268 2583 377 2646 librum
404 2585 587 2659 Simplicium
615 2587 665 2662 qni
693 2605 727 2647 ex
755 2605 790 2648 eo
818 2605 978 2664 numquam
1006 2590 1116 2665 aliquid
1143 2589 1210 2648 citat
1231 2601 1292 2647 non
1315 2589 1421 2662 legisse

269 2685 427 2749 verisimile
453 2696 499 2750 cst
526 2705 563 2750 en
589 2691 664 2750 tituli
691 2685 856 2768 indicisque
878 2690 1049 2751 anctoritate
1069 2707 1131 2750 non
1156 2690 1269 2750 ratione
1291 2689 1422 2748 iudicen-

270 2793 339 2848 tcm.
386 2791 478 2852 Immo
511 2800 541 2852 et
572 2794 645 2854 haee
676 2783 851 2872 ἀπηξίωσα
872 2793 1044 2854 Aristoteles
1077 2793 1229 2868 multoque
1252 2791 1346 2866 magis
1374 2791 1422 2849 illa

254 2891 379 2968 ‚quibus
402 2909 457 2954 sua
477 2894 573 2969 ipsius
599 2912 689 2971 opera
710 2897 741 2955 in
764 2896 970 2971 compendium
997 2894 1149 2968 redegisse
1171 2894 1289 2966 dicitnr,
1321 2895 1423 2968 quales

271 2993 352 3054 luere
373 2983 509 3078 autopat
532 2995 599 3060 τῶν
626 2989 802 3078 ἀνατομῶν
827 2997 875 3074 (Ι).
891 2999 924 3056 L.
941 2995 977 3056 ot.
993 2996 1129 3072 Apollon.
1145 2996 1249 3056 mirah.
1265 2991 1323 3070 39)
1350 3010 1423 3070 quae

271 3093 336 3154 sine
351 3096 455 3156 ordine
478 3108 614 3174 excerpta
635 3101 727 3160 tuisse
749 3101 886 3158 videntur
906 3115 1007 3158 earum
1024 3115 1122 3159 rernm
1136 3097 1424 3174 quaeinanatomica

270 3196 393 3258 historia
414 3208 578 3259 memoratu
601 3202 689 3277 digna
710 3210 811 3262 essent
833 3209 862 3261 et
884 3201 967 3276 quasi
995 3201 1137 3277 quaedam
1160 3199 1303 3259 mirabilia
1325 3206 1424 3258 aneto

271 3297 356 3370 mica,
380 3300 487 3364 deinde
508 3293 652 3389 ἐπιτομὴ
676 3303 742 3366 τῶν
763 3299 943 3388 ῥητορικῶν
965 3303 1037 3378 (nisi
1060 3291 1172 3386 torteri
1196 3292 1339 3384 ἐπιτομὴ
1361 3296 1425 3360 τῶν

232 3416 234 3420 ’
270 3389 418 3486 ῥητόρων
439 3413 486 3465 ast
506 3405 571 3482 ipsa
592 3408 641 3466 illa
662 3403 783 3485 τεχνῶν
803 3399 973 3490 συναγωγή
997 3407 1074 3467 sicut
1095 3403 1287 3481 Theophrasti
1309 3393 1425 3475 ἕντοῖς

160 3529 161 3536 ¹
271 3501 338 3566 τῶν
364 3505 514 3588 φυσικῶν
540 3503 647 3584 δοξῶν
674 3503 850 3589 &arconate
881 3510 1083 3570 anctoritatem
1115 3507 1260 3566 adhibens
1286 3521 1423 3580 magnum

272 3607 344 3668 illud
367 3611 403 3669 de
425 3611 539 3686 placitis
565 3612 808 3688 philosophorum
835 3628 909 3686 opus
937 3609 1080 3686 spectavit
1105 3609 1234 3670 Galenus
1249 3609 1309 3680 XV,
1326 3607 1367 3668 23
1390 3609 1424 3668 de

273 3709 454 3786 Xenophane
480 3728 586 3787 agens,
620 3717 658 3776 da
685 3731 743 3790 qno
771 3715 876 3774 eodem
904 3714 1009 3772 citatur
1033 3713 1084 3770 Th.
1112 3705 1148 3774 ἐν
1171 3709 1213 3796 τῇ
1239 3704 1385 3795 ἐπιτομῇ
1408 3725 1423 3768 a

274 3810 356 3886 Diog.
370 3813 404 3872 L.
417 3811 447 3884 9,
460 3813 517 3891 21)
536 3833 623 3891 qnam
634 3817 703 3878 citat
715 3817 878 3878 Demetrius
891 3816 984 3890 Magn.
1001 3831 1048 3889 ap.
1064 3813 1096 3874 n.
1112 3817 1144 3874 L.
1161 3814 1191 3887 2,
1207 3813 1280 3888 104,
1303 3814 1423 3888 aliaque.

272 3913 338 3973 Fuit
358 3915 438 3976 enim
459 3919 517 3978 hoc
538 3921 616 3994 apud
639 3920 767 3980 Graecos
793 3918 1025 3994 vulgatissimum
1059 3927 1093 3978 nt
1114 3933 1167 3994 pro
1190 3921 1362 3990 excerptore
1382 3915 1425 3973 in-

273 4017 452 4079 scriberetur
481 4020 567 4080 cuins
598 4024 677 4096 qnod
707 4023 743 4082 ad
775 4029 978 4098 argumentum
1010 4032 1112 4080 revera
1138 4020 1213 4078 liber
1240 4024 1302 4077 erat
1327 4024 1427 4077 auctor

272 4128 440 4194 excerptus,
475 4123 555 4182 reiut
585 4124 615 4183 in
648 4116 851 4204 θαυμασίων
883 4123 966 4182 libris
999 4139 1035 4182 ex
1062 4121 1209 4182 historicis
1242 4119 1353 4196 qnibns
1378 4117 1425 4177 tri-

273 4222 405 4286 buuntur
426 4223 566 4285 collectis.
611 4228 651 4286 lta
674 4229 809 4302 exemplo
836 4231 1057 4300 huncquoque
1084 4223 1239 4284 manifesto
1262 4221 1425 4281 Aristotelis

274 4339 383 4386 nomen
410 4326 536 4388 obtinuit
564 4329 593 4388 in
620 4330 787 4389 Ethicorum
816 4327 991 4404 compendio
1017 4329 1097 4401 qnod
1125 4326 1295 4386 inscribitur
1320 4313 1425 4408 ἠθικὰ

271 4415 400 4509 μεγάλα
436 4429 466 4488 in
500 4430 698 4491 Oeconomico
735 4432 859 4506 aliisque
896 4428 1115 4503 disciplinarum
1154 4427 1352 4503 compendiis,
1390 4427 1425 4486 ita
