3036 5164
795 322 858 386 tte

252 493 359 567 scripta
382 494 483 554 intima
504 497 558 554 boo
581 495 695 554 consilii
718 493 937 554 necessitudine
958 494 1123 564 coniuncta,
1148 500 1179 550 ut
1200 492 1278 550 aliud
1295 491 1336 548 ab
1352 489 1407 548 clio

252 595 409 669 respicitur
444 597 611 671 singulique
644 597 733 656 libelli
766 596 852 654 cuius
884 601 982 668 partes
1016 601 1086 653 suut
1121 593 1270 653 docuisse
1304 605 1408 648 reuera

253 696 322 756 huic
344 697 490 759 subiuncti
514 699 607 758 tuisse
629 697 724 772 ipsius
746 696 909 756 Aristotelis
935 695 1034 754 verbis
1056 695 1234 764 iudicantur,
1261 693 1302 752 ita
1327 707 1409 750 sumn

254 800 318 872 ipsu
345 800 545 860 auctoritatam
577 808 705 860 tuentur.
751 799 826 867 Quid
854 800 935 871 quod
967 798 1058 856 mullo
1091 797 1202 854 maiore
1228 793 1294 852 iure
1325 807 1411 866 quam

253 901 345 973 Plato,
368 903 453 961 cuius
477 903 536 962 lere
557 902 624 962 libri
641 909 673 960 ut
689 909 758 960 sunt
770 899 894 976 separati
907 915 994 958 suum
1007 897 1133 972 quisque
1144 897 1233 954 duem
1246 900 1413 968 sequuntur

254 1001 322 1062 lieet
343 1003 374 1062 hi
396 1003 453 1078 ipsi
476 1005 551 1063 lines
572 1002 742 1064 necessario
765 1002 893 1076 quodam
921 1000 1024 1059 ordine
1049 999 1157 1072 aliique
1178 1012 1216 1054 ex
1237 996 1304 1054 aliis
1330 993 1412 1068 quasi

254 1105 388 1178 prognati
411 1105 519 1164 seriem
542 1104 721 1164 constituant
747 1119 784 1162 ex
806 1103 870 1176 ipsa
898 1118 930 1161 re
952 1101 1046 1175 magis
1075 1115 1163 1174 quarn
1189 1097 1322 1156 auctoris
1345 1111 1413 1154 con·

256 1204 323 1264 silio
356 1205 475 1276 iactam,
508 1208 600 1265 multo
634 1204 721 1279 igitur
754 1204 863 1264 maiore
895 1205 959 1263 iure
985 1203 1158 1262 Aristotcles
1188 1199 1343 1273 putandus
1371 1203 1413 1253 est

258 1305 383 1366 oonsilio
407 1308 534 1380 quodam
556 1315 637 1366 certo
669 1321 728 1365 non
752 1307 849 1364 solum
876 1305 1042 1380 singulares
1069 1300 1218 1374 doctrinas
1245 1298 1413 1358 excoluisse

258 1407 312 1464 scd
335 1408 456 1466 omuino
482 1407 513 1466 iu
540 1406 697 1466 scribendo
724 1408 761 1466 ab
788 1409 843 1466 bao
871 1409 906 1466 nd
934 1406 1012 1464 illam
1040 1401 1202 1462 doctrinam
1230 1399 1414 1474 processisse

257 1507 310 1580 (ol.
333 1509 420 1568 ctiam
442 1509 526 1582 Kopp
547 1508 601 1568 lib.
625 1510 699 1568 llus.
722 1516 778 1568 vet.
795 1510 840 1579 ΙΙΙ,
856 1507 906 1568 94.
929 1507 1022 1566 liitter
1035 1503 1066 1576 3,
1082 1505 1208 1577 24sq.)‚
1231 1503 1272 1560 ita
1294 1500 1413 1574 quidam

260 1616 292 1667 ut
318 1610 445 1684 primum
472 1611 621 1684 proiectus
649 1610 688 1668 sit
715 1625 732 1668 a
758 1610 860 1684 logicis
889 1607 1150 1683 disputationibus,
1187 1605 1255 1678 quia
1278 1603 1346 1662 scil.
1368 1601 1414 1658 illo

260 1717 391 1784 tempore
415 1727 473 1785 quo
496 1710 526 1768 in
549 1711 623 1786 ipsis
646 1713 860 1771 Socraticorum
883 1711 992 1769 sobolis
1014 1715 1094 1766 tanto
1118 1711 1328 1779 usutautuque
1342 1701 1414 1760 celc-

258 1811 363 1871 britatc
396 1813 536 1872 florerent
567 1813 785 1874 dialecticorum
818 1820 896 1872 artes
930 1819 958 1872 et
985 1809 1111 1870 ludibria
1143 1815 1254 1882 quanto
1288 1803 1414 1867 Platonis

260 1913 385 1974 iunioris
408 1923 501 1976 aetate
524 1916 627 1988 ethica,
650 1915 727 1974 sicut
749 1914 859 1974 ethices
882 1915 1033 1973 Platonem
1055 1912 1094 1969 ita
1115 1909 1281 1968 Aristotelis
1298 1919 1413 1981 quoque

260 2015 358 2074 studia
384 2017 509 2090 primum
538 2014 700 2074 advertisse
725 2017 835 2092 logicos
861 2030 924 2085 ras,
955 2013 1063 2088 quibus
1090 2011 1170 2069 omui
1197 2011 1296 2068 tuturo
1324 2007 1415 2081 pbilo-

261 2117 356 2190 sopbo
385 2125 417 2175 ut
442 2117 491 2176 ille
525 2117 644 2176 moralis
678 2117 827 2176 doctrinae
861 2117 900 2176 ita
934 2116 980 2173 lric
1013 2112 1125 2188 logicae
1158 2111 1290 2170 theoriae
1317 2115 1414 2168 auctor

261 2219 413 2288 evaderet,
447 2225 476 2276 et
497 2226 730 2306 consentaneum
756 2225 802 2277 est
824 2249 865 2258 -
887 2218 950 2290 ipse
979 2229 1097 2289 quoque
1124 2229 1182 2286 qua
1210 2227 1243 2270 re
1264 2209 1413 2286 analyticis

263 2317 370 2380 studiis
403 2316 540 2391 perfectis
573 2319 698 2378 debeant
731 2321 815 2393 sequi
850 2317 970 2392 pbpsico
1003 2325 1031 2375 ct
1064 2313 1263 2388 metaphysica
1299 2309 1414 2386 exponit

263 2419 388 2492 Metcpb.
407 2413 474 2490 3‚3
500 2449 542 2461 -
569 2427 598 2478 et
624 2420 697 2493 ipsis
722 2420 886 2480 Aristotelis
914 2419 1055 2478 librorum
1083 2431 1205 2476 suorum
1232 2413 1414 2474 citationibus

264 2519 429 2578 certissime
451 2520 599 2593 probatur.
634 2522 674 2579 lle
698 2523 805 2595 quibus
818 2521 937 2596 quidem
949 2519 1135 2579 citationibus
1148 2512 1297 2592 (mitond,
1310 2513 1412 2586 esso.)

263 2620 348 2680 multi
370 2621 512 2694 aliterque
534 2621 582 2680 alii
605 2622 771 2682 iudicarunt
797 2637 900 2682 omues
922 2629 1035 2693 tamem
1062 2635 1154 2694 quum
1179 2618 1257 2676 iuter
1282 2629 1414 2677 sesclae·

264 2735 395 2796 pugnare
417 2721 559 2796 plurimas
576 2723 715 2796 viderent„
740 2723 904 2800 quaestioni
921 2724 989 2782 buic
1001 2722 1156 2780 universae
1168 2719 1287 2778 inutiles
1300 2717 1412 2778 omuino

265 2838 316 2882 eas
332 2831 373 2882 et
403 2824 464 2884 sive
491 2825 528 2882 ab
556 2826 622 2900 ipso
649 2833 769 2885 auctore
801 2825 864 2883 sive
891 2826 927 2884 ab
956 2824 1020 2883 aliis
1052 2830 1155 2898 postea
1181 2821 1342 2880 lectoribus
1368 2830 1413 2892 pro

265 2925 357 2984 lubitu
380 2926 509 2984 adiectas
532 2941 599 2986 csse
622 2927 828 2986 declamantes.
863 2925 949 2994 Quod
970 2924 1091 2984 minime
1112 2925 1152 2983 ita
1174 2939 1206 2982 se
1222 2921 1320 2980 babet.
1352 2915 1413 2980 btibi

265 3025 364 3098 potius
392 3042 450 3099 quo
479 3027 587 3102 singuli
615 3027 681 3087 libri
707 3042 761 3102 pro
787 3027 928 3102 temporis
955 3027 1068 3086 rabone
1095 3041 1128 3084 se
1149 3024 1297 3098 excipiant
1319 3020 1413 3082 ordine

222 3201 238 3220 ἢ
266 3141 355 3200 quam
387 3129 562 3188 brevissime
602 3128 743 3202 deinceps
776 3129 959 3188 enumeranti
993 3136 1113 3188 externa
1145 3128 1217 3184 baec
1250 3127 1415 3199 argumente

266 3227 376 3302 quippe
397 3229 649 3300 manifestissima,
677 3245 768 3302 quum
794 3229 851 3302 ipsi
877 3229 982 3288 rationi
1010 3230 1097 3288 simul
1120 3227 1287 3287 consentire
1311 3243 1345 3286 en
1366 3235 1414 3282 nee

268 3329 295 3386 si
321 3330 410 3388 modo
437 3336 515 3388 recte
543 3331 639 3390 omnia
667 3330 858 3404 explicaveris
885 3347 961 3405 opus
989 3345 1057 3391 osse
1084 3330 1234 3389 arbitraria
1261 3329 1311 3386 illa
1334 3328 1414 3386 iuter·

269 3430 450 3504 polatiouum
483 3430 685 3506 fingendarum
708 3432 820 3492 ratione
848 3433 1018 3508 reperiatur,
1046 3447 1099 3506 pro
1122 3431 1313 3490 fundamento
1337 3429 1414 3488 eruut

268 3531 476 3606 disputationis
499 3538 663 3595 universae.
709 3535 821 3594 Etenim
849 3534 1007 3594 reiioicndo
1033 3549 1155 3608 prorsus
1179 3540 1248 3592 sunt
1269 3532 1318 3590 ille
1340 3525 1414 3588 testi·
1491 3519 1492 3560 3

269 3635 368 3711 monia
389 3635 440 3693 ubi
462 3645 563 3694 auctor
585 3637 754 3710 significans
778 3639 814 3694 de
836 3651 868 3694 ra
890 3635 987 3708 aliqua
1009 3634 1038 3694 in
1061 3636 1117 3693 aliu
1139 3633 1294 3715 disciplina
1316 3630 1414 3695 molius
1491 3643 1492 3700 3

271 3732 329 3792 dici
351 3741 381 3792 ct
401 3734 507 3807 aptius,
531 3751 622 3809 quum
645 3738 675 3796 in
699 3753 816 3798 ornnem
841 3737 1045 3811 philosophiae
1072 3736 1152 3810 quod
1177 3735 1215 3792 ad
1237 3734 1332 3808 ipsam
1354 3745 1414 3806 seu·
1491 3715 1492 3768 3

270 3835 390 3892 tentiam
412 3836 558 3909 perlectae
579 3845 667 3912 atque
688 3839 717 3896 iu
734 3839 826 3898 libros
838 3838 972 3912 singulos
984 3835 1308 3896 distributacombitnm
1320 3834 1413 3894 nouos

271 3937 356 4009 quasi
379 3945 537 4010 convertat,
565 3941 708 4013 quaedam
731 3955 806 4014 quae
829 3948 927 3999 mente
949 3939 1007 3998 iam
1029 3938 1195 4012 studiisque
1215 3944 1352 3996 coustant
1371 3947 1414 3991 ex·

272 4040 410 4112 ponendo
432 4054 500 4097 esse
522 4040 579 4098 alio
601 4041 631 4098 in
653 4042 718 4100 loco
741 4043 844 4100 volens
867 4040 999 4114 exposita
1020 4055 1089 4100 esse
1111 4040 1179 4098 alibi
1202 4038 1230 4096 id
1251 4045 1298 4098 est
1317 4029 1413 4111 exponi

271 4142 394 4213 nuntiat,
417 4141 494 4200 sicut
515 4157 656 4214 praescus
680 4157 769 4216 saepe
789 4150 835 4202 est
855 4157 909 4215 pro
932 4142 1030 4202 tuturo
1053 4149 1082 4201 et
1103 4156 1157 4215 pro
1180 4141 1294 4199 dicotur
1308 4139 1412 4200 dicibili

271 4245 311 4302 ita
332 4259 407 4304 usus
434 4242 562 4318 perlecto
591 4243 621 4302 in
644 4246 764 4304 modum
797 4244 918 4318 perlecti
945 4243 1033 4304 futuri
1062 4251 1092 4303 et
1116 4243 1320 4318 philosophiae
1341 4243 1413 4302 loeti

272 4351 430 4418 partesque
460 4353 557 4404 mente
587 4344 644 4402 iam
674 4346 758 4420 quasi
787 4346 1018 4418 praeexistentes
1044 4343 1186 4404 indicans.
1236 4345 1309 4403 lisso
1336 4341 1413 4416 igion
