3036 5164
654 347 715 408 ’109

100 535 203 594 neque
228 520 298 578 haec
320 520 439 578 omniuo
463 518 627 578 accuratius
655 524 831 576 executurus
859 515 950 572 brisso
977 514 1123 588 putandus
1147 515 1185 574 sit
1206 516 1258 588 (cl.

100 624 177 682 Luz.
200 638 229 695 p.
246 620 312 692 92).
357 622 422 695 lpsa
446 636 514 678 vero
538 619 586 678 illa
609 619 769 693 fragmenta
791 617 944 692 quaeipse
960 618 996 674 dc
1012 616 1161 675 nobilitate
1177 619 1259 676 locos

99 723 249 796 colligens
273 723 417 782 Stobaeus
446 720 593 794 exscripto
621 721 702 795 prius
725 720 869 779 Plutarchi
899 713 977 802 περὶ
998 707 1163 799 εὐγενείας
1184 719 1259 778 libro

99 825 158 898 (11.
176 822 393 894 81118621.
410 823 451 882 22
466 845 502 874 =
517 823 591 880 Plut.
614 824 650 880 de
673 823 741 880 nob.
759 821 809 883 10.
834 823 913 882 Stoh.
930 820 982 893 86,
999 819 1040 880 12
1055 843 1090 872 =
1105 821 1146 879 Pl.
1163 818 1191 878 1.
1217 821 1258 880 st.

97 925 156 998 86,
174 924 193 985 7
208 947 244 975 =
260 925 299 984 Pl.
317 924 368 984 16.
386 925 426 984 St.
439 923 491 997 86,
505 924 556 997 11,
579 924 629 982 ubi
651 925 736 982 locus
759 926 795 982 de
818 925 985 998 Theognide
1007 939 1044 981 ex
1065 923 1259 995 Xenophonte

99 1026 269 1102 Megarensi
292 1043 337 1099 ap.
356 1026 430 1084 Plut.
444 1027 530 1087 citato
544 1049 579 1078 =
595 1027 636 1084 Pl.
655 1023 710 1098 15)
733 1033 881 1100 tamquam
903 1025 1067 1084 Aristotelis
1088 1025 1171 1098 ponit
1194 1026 1259 1083 Sto·

98 1130 197 1186 baeus
220 1128 249 1184 ss.
264 1125 315 1201 86,
332 1127 382 1186 24.
400 1125 451 1188 25.
466 1126 518 1201 88,
536 1126 585 1201 13,
621 1129 722 1186 eadem
757 1128 843 1186 etiam
871 1127 900 1186 in
929 1127 1092 1186 Plutarchei
1119 1127 1185 1185 libri
1208 1143 1258 1186 ex·

99 1228 213 1302 cerptis
235 1228 340 1288 iisdem
363 1231 460 1288 verbis
483 1230 635 1304 leguntur,
661 1245 721 1288 uon
750 1231 846 1288 solum
869 1229 933 1288 sine
954 1228 1072 1287 nomine
1095 1228 1259 1290 Aristotelis

100 1331 158 1404 (11.
174 1327 227 1401 88,
244 1321 284 1390 13
299 1352 334 1380 ==
350 1330 391 1388 Pl.
408 1328 465 1402 14)
493 1333 546 1390 sed
568 1333 642 1392 adeo
665 1331 720 1389 suh
743 1331 861 1390 alienis:
896 1330 982 1404 primi
1006 1330 1084 1388 enim
1106 1331 1258 1405 fragmenti

100 1433 194 1492 verba
216 1448 252 1488 ex
275 1432 406 1492 Philonis
418 1433 591 1505 Academici,
616 1434 738 1492 secundi
762 1449 778 1491 e
800 1432 950 1491 Posidonii
973 1434 1100 1506 quodam
1123 1449 1190 1490 oum
1202 1433 1260 1491 'lu-

98 1536 216 1594 1111111
250 1533 364 1608 dialogo
398 1535 487 1608 petita
521 1551 588 1594 esse
621 1535 730 1594 diserte
756 1535 930 1594 Plutarchus
956 1533 1005 1594 ait.
1053 1533 1128 1591 Fieri
1162 1541 1258 1592 tamen

100 1643 260 1710 potestat
286 1649 346 1692 non
374 1637 471 1694 solum
498 1636 602 1710 reliqui
630 1639 689 1696 duo
717 1637 772 1695 sed
798 1634 846 1695 hic
873 1635 959 1693 etiam
987 1635 1038 1708 qui
1065 1635 1122 1694 dici
1146 1636 1260 1694 videtur

101 1737 253 1796 Posidonii
289 1737 372 1794 locus
405 1753 440 1794 ex
469 1737 624 1798 Plutarcho
646 1738 832 1796 Aristotelem
866 1737 971 1794 cilante
1004 1751 1036 1795 re
1069 1753 1136 1796 vera
1164 1746 1260 1797 sumta

103 1841 178 1898 sint:
202 1854 268 1896 nam
292 1846 408 1911 praeter
431 1840 510 1914 quod
532 1840 572 1898 ita
594 1839 650 1898 sibi
672 1839 784 1898 similes
806 1838 847 1896 illi
870 1839 926 1898 loci
950 1846 1019 1896 sunt
1034 1846 1066 1896 ut
1080 1841 1117 1896 ad
1133 1840 1259 1898 eundem

106 1941 252 2014 pertulere
276 1947 425 1998 auctorem
447 1940 609 2011 videantur,
634 1948 665 1999 ut
687 1948 765 2000 recle
787 1940 827 1998 ait
848 1939 1040 2013 Wyttenbach
1062 1941 1257 1999 adPlut.Vol.

106 2043 139 2112 V,
156 2041 176 2100 2
196 2058 224 2114 p.
241 2039 313 2112 970,
347 2044 486 2116 quodque
514 2058 549 2101 en
577 2040 731 2100 Aristotele
758 2042 840 2100 locos
868 2044 968 2115 plures
995 2041 1165 2100 adhibuisse
1192 2059 1259 2100 eum

104 2142 264 2202 verisimile
290 2151 336 2202 est
364 2144 412 2216 qui
440 2144 523 2203 initio
551 2145 647 2202 statim
673 2145 752 2202 huno
777 2144 883 2203 librum
912 2145 1032 2203 omnino
1055 2146 1113 2203 hnc
1134 2145 1259 2203 maxime
1300 2213 1303 2222 .

103 2244 259 2302 facientem
283 2243 351 2302 citat
370 2246 409 2317 (c.
426 2243 560 2318 71111),
588 2244 646 2302 iam
669 2260 705 2302 ex
727 2246 846 2304 Arnoldi
870 2246 989 2304 Ferreni
1013 2246 1149 2304 versione
1172 2246 1260 2304 latina

102 2347 212 2420 (bugd.
238 2341 337 2419 1556)
360 2362 397 2404 ex
420 2346 520 2404 codice
541 2347 639 2419 paullo
666 2348 792 2420 pleniori
818 2347 1077 2420 (1111141120.
1100 2349 1124 2404 J.
1139 2347 1169 2406 C.
1183 2348 1263 2406 Wolf

102 2449 214 2508 Aneed.
239 2448 286 2508 Gr.
308 2450 343 2506 lV
365 2449 454 2523 prael.
478 2465 507 2522 p.
524 2445 581 2518 11)
615 2449 689 2507 lacta
711 2449 900 2524 intelligimus
924 2467 990 2509 eum
1014 2448 1064 2522 qui
1087 2466 1122 2507 ex
1145 2450 1259 2522 integro

102 2551 249 2618 Plutarchi
277 2550 351 2610 libro
379 2551 487 2610 Graeca
516 2551 588 2608 baec
615 2557 750 2624 excerpta
783 2551 887 2626 selegit
920 2552 959 2611 ita
987 2552 1077 2610 luisse
1110 2559 1258 2610 versatum

103 2660 216 2714 utnon
241 2653 337 2712 solum
359 2653 543 2727 prooemium
566 2658 595 2709 et
616 2650 714 2724 finem,
742 2654 795 2710 sed
818 2653 905 2712 eliam
932 2661 1083 2712 auctorum
1106 2653 1259 2712 citatorum

101 2757 187 2816 locos
209 2754 352 2829 plurimos
376 2755 422 2828 (in
445 2754 546 2812 codice
568 2754 688 2812 Ferroni
710 2761 864 2812 auctorum
886 2762 998 2813 tanturn
1014 2755 1132 2813 nomina
1149 2755 1260 2814 omissa

101 2865 197 2930 erant,
219 2859 256 2916 11.
280 2858 360 2916 Woll
379 2856 468 2930 prael.
493 2873 521 2930 p.
538 2852 568 2915 5.
585 2853 641 2926 10)
664 2863 693 2914 11
714 2855 808 2928 ipsius
829 2856 1004 2930 plerumque
1027 2855 1174 2915 omitteret
1195 2857 1259 2916 Ari-

102 2959 231 3020 stodemi
253 2959 342 3018 verba
364 2958 455 3017 Stoici
478 2958 641 3027 cuiusdam,
668 2957 752 3015 cuius
775 2956 882 3016 librum
906 2958 1051 3031 quendam
1074 2957 1147 3016 locis
1169 2973 1259 3032 appo·

102 3061 171 3120 sitis
193 3061 245 3134 (cl.
270 3061 357 3119 verba
379 3059 555 3118 Aristodemi
579 3065 611 3117 ut
633 3058 703 3117 dicit
714 3060 794 3118 Stob.
818 3053 902 3122 κατὰ
925 3048 992 3140 εῧγ.
1005 3075 1030 3118 1.
1044 3056 1168 3119 tectu
1181 3076 1257 3118 1111.

102 3166 153 3224 111.
167 3179 192 3221 1.
206 3161 256 3221 tt.
270 3161 320 3222 20.
345 3163 472 3222 eundem
494 3161 625 3234 increpat
640 3178 664 3220 c.
678 3157 750 3220 14.
763 3159 791 3230 5.
806 3162 834 3222 6.
846 3160 876 3222 8.
890 3161 918 3222 9.
933 3161 982 3222 12.
997 3159 1046 3222 18.
1060 3161 1110 3220 21.
1123 3170 1259 3222 auctores
1348 3201 1353 3206 -

103 3267 143 3326 de
165 3282 196 3326 re
219 3265 329 3324 rustica
350 3273 410 3322 tres
434 3262 530 3321 citavit
552 3262 677 3321 Aristod.
700 3281 726 3322 c.
740 3263 781 3324 20
793 3264 832 3322 in.
847 3280 905 3324 sec.
918 3281 994 3324 vers.
1007 3267 1066 3336 lat,
1090 3266 1126 3323 cl.
1149 3265 1260 3323 Tullius

102 3385 128 3426 c.
147 3365 203 3441 21)
226 3366 361 3424 refutavit
383 3366 564 3436 Plutarchus,
587 3365 770 3426 abbreviator
792 3376 888 3426 autem
910 3383 1017 3426 nomen
1042 3367 1106 3425 eius
1129 3367 1159 3424 in
1176 3384 1252 3426 mar-

102 3471 173 3545 gine
195 3478 297 3528 notare
320 3467 391 3526 satis
415 3467 526 3526 habeus
548 3467 666 3528 illorum
694 3467 758 3526 loco
786 3476 819 3526 ut
840 3476 1003 3528 ceterorum
1026 3469 1259 3528 testimoniorum

103 3587 181 3645 quae
214 3570 315 3630 omisit
339 3568 514 3628 asteriscum
540 3570 648 3642 posuit.
698 3571 786 3629 Plane
813 3571 920 3631 salsum
947 3570 1026 3628 enim
1053 3577 1098 3628 est
1125 3572 1203 3642 quod
1232 3579 1261 3630 et

103 3673 186 3732 Woll
205 3674 250 3746 (p.
268 3669 309 3732 10
323 3673 429 3745 prael.)
453 3671 503 3744 qui
526 3672 638 3745 primus
661 3675 740 3732 hunc
762 3673 870 3732 librum
892 3689 909 3731 1
931 3672 1031 3731 codiee
1055 3680 1124 3730 tune
1138 3673 1259 3732 Halaiae

103 3782 222 3849 reperto
255 3783 324 3847 post
355 3772 477 3832 Fabricii
507 3773 666 3847 specimina
696 3775 727 3832 B.
753 3775 800 3832 Gr.
824 3775 874 3832 llll
895 3791 922 3849 p.
940 3771 1086 3834 268-75
1110 3774 1201 3833 edidit
1231 3784 1260 3834 el

106 3877 298 3952 Wptteubach
333 3877 409 3949 (1.1.
433 3873 629 3948 petuam
656 3877 741 3936 euius
769 3878 889 3935 omnino
916 3878 1002 3950 plane
1029 3893 1199 3950 perversum
1223 3878 1259 3936 de

104 3982 161 4038 hoo
183 3994 274 4053 opere
296 3977 437 4038 iudicium
460 3980 520 4050 est)
544 3979 580 4037 de
603 3979 718 4053 dialogo
741 3995 809 4037 euin
831 3977 1016 4036 Aristodemo
1039 3978 1174 4050 cogitant.
1219 3979 1260 4036 lta

105 4083 214 4142 iactum
247 4089 294 4139 est
325 4087 358 4138 ut
391 4079 537 4138 omitteret
562 4079 588 4138 is
616 4081 666 4154 qrri
693 4081 824 4139 codicem
852 4080 948 4138 Woltii
974 4080 1092 4153 scripsit
1114 4095 1139 4136 1.
1156 4077 1197 4136 14
1219 4079 1258 4136 in.

107 4184 288 4244 mentionem
315 4182 381 4241 libri
409 4183 445 4241 de
472 4182 623 4242 nobilitate
645 4182 824 4253 Aristotelis,
852 4198 888 4240 ex
912 4198 970 4255 quo
994 4190 1089 4240 tamen
1113 4195 1171 4238 sec.
1195 4179 1261 4238 Sto·

107 4286 212 4346 baeurn
235 4286 320 4342 locus
344 4284 390 4344 hic
414 4287 519 4343 ductus
543 4285 639 4342 estid
662 4285 740 4357 qrrod
763 4285 911 4356 praeclare
935 4283 1063 4344 ostendit
1085 4280 1261 4340 111111111-
