3072 5164
645 354 685 416 31

96 534 123 584 et
142 525 268 586 Plutoms
290 525 421 600 magistri
447 531 477 586 et
495 526 633 601 discipuli
657 525 863 600 Theophrasti,
893 539 1011 602 unaque
1037 529 1240 604 reputantibus

97 643 153 687 non
174 629 270 688 solum
291 635 400 688 tanum
422 643 491 686 csse
514 628 543 686 in
567 627 607 686 iis
625 629 775 687 doetrinae
803 629 983 703 rationisque
1008 629 1243 704 aequabilitatem

96 737 291 803 mamramque
319 729 537 801 certitudinem,
564 737 623 788 tam
649 730 836 790 manifestum
863 731 939 791 inter
965 731 1099 807 singulos
1126 731 1241 792 consilii

97 840 124 891 ct
147 831 332 906 procedentis
364 830 533 905 scriptionis
568 847 691 904 nexum,
726 841 759 891 ut
784 833 885 892 eadem
920 847 1024 893 omnes
1056 834 1133 894 ritae
1159 839 1240 909 pane

97 933 217 1008 scriptos
248 947 319 992 esse
344 933 537 994 concludatur
568 947 662 1008 eaque
695 933 814 1007 quidem
845 942 993 1009 postrema
1019 934 1154 1022 senioris
1172 943 1242 1010 post

95 1042 213 1094 monem
235 1034 366 1110 magistri
387 1033 561 1106 Aristotelis,
585 1035 613 1094 id
637 1037 717 1109 quod
739 1035 804 1109 ipsa
826 1051 928 1094 eorum
949 1035 980 1095 in
1002 1035 1158 1096 iudicando
1176 1033 1241 1096 Pla·

96 1144 158 1194 tone
193 1137 312 1196 libertas
350 1136 558 1210 doctrinaeque
595 1137 759 1212 proprietas
797 1137 882 1197 docet
915 1146 945 1197 et
977 1139 1148 1211 6661661166,
1185 1153 1241 1197 nec

96 1253 228 1312 umquam
254 1240 293 1298 de
320 1237 368 1298 bis
391 1239 528 1298 omnibus
550 1240 640 1298 rebus
668 1255 744 1312 quos
767 1255 803 1298 ex
825 1236 929 1299 ordine
955 1237 1048 1314 tangit
1073 1241 1131 1299 iam
1156 1241 1240 1315 prius

97 1341 248 1414 scripsisse
270 1356 338 1400 eum
363 1340 479 1399 citando
502 1341 681 1414 significare,
705 1355 796 1414 quum
823 1349 920 1400 nmen
933 1354 1019 1415 ‘quae
1040 1351 1157 1417 praeter
1178 1357 1241 1402 ser·

96 1449 155 1500 vata
174 1450 292 1515 tempus
318 1442 390 1500 illud
414 1443 494 1516 quod
519 1444 596 1502 inter
617 1443 746 1501 Platonis
768 1443 991 1517 aristotelisque
1018 1452 1128 1504 mortes
1151 1443 1240 1504 iuter·

94 1545 165 1603 cedit
185 1543 258 1603 satis
280 1557 428 1618 superque
450 1543 595 1618 explentia
617 1544 660 1603 illi
674 1545 839 1603 tribuantur
853 1543 935 1619 prius
958 1546 1067 1619 scripta
1088 1547 1242 1621 cogitanda

96 1646 150 1704 sint
168 1647 285 1705 iuvenis
307 1653 336 1704 et
358 1646 499 1705 discentis
521 1651 620 1720 opera,
642 1663 731 1720 porro
754 1647 804 1720 qui
826 1629 905 1706 uuus
920 1647 995 1706 iiber
1009 1645 1066 1706 illis
1082 1647 1242 1723 deperditis

97 1748 193 1806 similis
213 1747 316 1806 baberi
338 1754 437 1822 potest
463 1737 686 1828 προβλήματα
715 1751 751 1808 de
778 1749 867 1810 rebus
894 1749 1024 1826 physicis
1052 1751 1091 1808 ita
1117 1751 1241 1824 simplici

96 1849 173 1909 titulo
204 1849 331 1908 citeutur
356 1855 389 1908 ut
414 1849 547 1908 eirrsdem
580 1859 729 1924 praeterea
754 1851 869 1910 consilii
896 1852 994 1910 nullos
1021 1849 1112 1910 libros
1141 1851 1177 1909 ab
1205 1865 1241 1909 eo

97 1953 213 2026 scriptos
238 1967 306 2011 esse
329 1952 500 2023 declaretur,
524 1951 621 2024 ipsum
644 1953 772 2028 denique
787 1955 844 2012 iam
860 1952 1094 2027 Cephisodonrm
1105 1950 1241 2011 Isocratis

96 2053 265 2128 discipulum
289 2066 376 2127 quam
397 2052 492 2112 aliena
513 2054 586 2112 baec
608 2055 705 2114 omnia
729 2054 789 2113 sint
811 2056 846 2112 ab
861 2055 1017 2114 Aristotele
1033 2053 1242 2130 philosophum

98 2168 205 2229 semper
226 2171 261 2214 se
284 2161 404 2229 gerente
425 2169 583 2230 rerumque
609 2173 669 2215 non
692 2155 749 2214 nisi
772 2155 976 2230 philosophiae
998 2173 1087 2216 eausa
1109 2157 1243 2216 611666-

97 2257 306 2317 66661661666
328 2271 365 2316 eo
388 2256 553 2331 significare
575 2257 656 2332 quod
677 2257 884 2316 Aristoteleum
909 2273 1022 2317 morem
1049 2257 1080 2317 itt
1105 2259 1242 2318 omnihus

99 2359 173 2418 libris
197 2375 290 2434 quum
316 2359 447 2434 physicis
474 2366 536 2417 tum
563 2359 666 2419 ethicis
693 2357 879 2433 politicisque
900 2359 1054 2433 proverbia
1076 2358 1243 2420 cumulandi

99 2467 125 2518 et
144 2462 223 2534 quasi
246 2477 284 2520 ex
305 2461 384 2534 vulgi
408 2461 595 2520 sermonibus
619 2461 780 2520 doctrinam
803 2457 936 2520 iirmandi
957 2461 1009 2534 (oi.
1033 2477 1108 2536 quae
1124 2463 1160 2522 dc
1175 2477 1243 2537 pro-

99 2561 197 2621 verbiis
222 2563 296 2622 tlielt
321 2571 423 2624 auctor
449 2564 568 2637 quidam
594 2561 801 2638 peripateticus
828 2564 903 2637 apud
934 2563 1037 2638 Synes.
1062 2573 1125 2623 666.
1149 2563 1243 2624 cclvii.

99 2681 124 2738 p.
138 2661 201 2724 aba
222 2665 367 2724 Petam:
380 2683 409 2740 p.
422 2663 578 2736 691666.)
600 2671 749 2738 tamquam
771 2664 947 2738 philosopho
968 2665 1123 2740 indignum
1144 2668 1244 2740 repre-

100 2769 192 2826 hendit
213 2767 278 2842 (bic
300 2769 378 2827 enim
401 2781 510 2827 seusus
531 2773 577 2825 est
598 2765 654 2825 ioci
677 2767 713 2824 ab
737 2765 874 2823 omnibus
896 2767 972 2823 male
987 2764 1126 2824 intellecti
1141 2769 1244 2826 Athen.

101 2871 303 2946 illoneque
325 2869 415 2944 igitur
436 2883 473 2928 eo
495 2868 582 2926 tutari
604 2875 702 2941 potest
720 2867 795 2925 liber
809 2865 973 2926 aristotelis
994 2865 1114 2925 nornine
1125 2875 1246 2927 ornatus

103 2973 135 3032 de
154 2972 317 3048 proverbiis
339 2971 429 3029 -et
453 2971 540 3030 Stabr
561 2968 647 3027 Arist.
671 2967 759 3039 170.
783 2967 816 3038 ll,
832 2964 883 3027 43.
907 2964 1031 3026 Brundis
1053 2967 1139 3026 Arist.
1162 2969 1182 3040 l,
1195 2961 1246 3029 tt.

104 3053 299 3134 Schneidewin
320 3071 516 3145 Paroemiogr.
539 3085 567 3146 p.
581 3069 593 3127 I
605 3085 669 3144 sqq.
694 3069 725 3128 C.
739 3069 842 3128 liiilier
853 3069 886 3126 ir.
898 3069 967 3128 hist.
982 3067 1005 3127 ll
1020 3086 1047 3143 p.
1065 3065 1128 3130 138
1139 3099 1180 3112 —-
1198 3072 1247 3144 qui

104 3193 186 3250 quum
207 3191 355 3249 nusquam
382 3171 644 3244 ammonebatur,
672 3184 761 3244 saepe
786 3185 856 3230 vero
879 3168 1249 3246 proverbiornmexpiioa·

103 3278 190 3339 tiones
212 3277 380 3340 aristotelis
405 3277 442 3334 ad
468 3275 542 3334 aiios
570 3272 633 3332 seii.
655 3271 747 3331 libros
773 3269 899 3330 manime
919 3273 1036 3347 politias
1058 3273 1094 3331 61.
1118 3275 1151 3332 16.
1175 3271 1247 3336 116.
1300 3307 1304 3316 =

104 3377 263 3440 139142.
288 3377 360 3439 tte.
389 3375 461 3438 157.
489 3373 561 3435 167.
589 3371 662 3434 168.
691 3371 859 3434 176176.
888 3371 1247 3436 analemmatos.

104 3480 159 3542 tta
185 3483 372 3551 referendae,
405 3479 483 3538 idem
516 3477 631 3536 videtur
662 3491 728 3533 cum
761 3491 797 3534 oo
826 3475 876 3548 qui
904 3478 940 3534 ab
967 3476 1032 3534 aliis
1060 3477 1250 3550 Theophrasti

105 3586 314 3656 perhibebatur.
331 3583 367 3640 61.
391 3582 473 3641 Suid.
497 3595 521 3640 s.
546 3567 627 3660 ἀρχῆ
650 3563 756 3656 ἄνδρα
779 3583 833 3635 616.
867 3585 896 3636 61
923 3578 955 3636 ll.
978 3577 1010 3634 L.
1040 3577 1069 3634 iu
1097 3579 1251 3653 utriusque

107 3685 205 3760 indice,
228 3684 435 3747 Schneidewin
457 3699 485 3756 p.
499 3682 563 3755 lv),
586 3679 757 3753 intelligitur
778 3677 906 3736 medium
930 3679 1078 3751 quendam
1098 3678 1253 3740 16166916-

105 3793 197 3847 16666
220 3795 250 3847 et
272 3787 505 3860 Theophrastum
527 3789 628 3840 tenere
649 3783 746 3840 locum
768 3777 934 3839 Aristotelis
956 3779 1145 3853 scriptionem
1160 3790 1254 3857 aeque

107 3888 245 3948 biremem
267 3896 297 3948 et
319 3889 357 3946 ab
378 3885 457 3945 iilius
479 3885 509 3942 lu
533 3883 688 3942 lambendo
711 3882 780 3941 erlis
796 3882 894 3940 studio
907 3881 1057 3955 lormaquc
1073 3877 1254 3956 dialogorum

107 3991 241 4052 rhetorica
264 3997 295 4048 et
315 3989 352 4047 ab
375 3988 463 4047 huius
486 4000 583 4045 rerum
605 3985 735 4058 ipsarum
757 3981 991 4056 eruditionisque
1017 3981 1174 4058 praecipuo
1197 3980 1254 4040 iam

107 4104 199 4152 amore
220 4091 365 4165 librisque
386 4101 446 4148 non
470 4089 615 4162 integrum
637 4085 809 4159 disciplinae
831 4084 982 4157 ambitum,
1006 4098 1106 4142 rmum
1122 4077 1255 4157 singulos

109 4194 184 4253 locos
213 4193 333 4253 uberius
360 4191 551 4252 tractantibus
574 4187 824 4262 monogrnpbicis,
852 4181 1022 4258 intelligitur
1043 4186 1079 4243 ab
1102 4179 1256 4242 Aristotele

110 4295 155 4367 qui
176 4297 222 4356 vel
251 4296 281 4354 iu
311 4295 347 4352 ils
375 4303 450 4368 quae
477 4292 614 4352 historica
643 4289 774 4363 scripsit,
809 4286 959 4347 historiam
986 4287 1052 4344 dieo
1078 4283 1256 4360 animalium,

110 4395 169 4468 ipsa
190 4396 306 4456 consilii
330 4395 440 4455 unitate
466 4393 689 4468 argumentique
712 4390 859 4465 praeclare
886 4395 916 4446 et
937 4387 1022 4446 divisi
1050 4393 1079 4444 et
1101 4387 1259 4460 comparati

1015 4488 1060 4545 4*
