3072 5164
664 373 704 432 dt

104 537 271 596 Aristotelis
299 553 369 596 vero
396 537 425 610 οἱ
451 539 641 611 llreophrasti
673 539 783 598 iudices
812 539 985 600 Favorinum
1014 541 1146 615 dedisse,
1179 543 1209 602 id
1235 545 1260 602 si

105 637 306 698 coniecturam
321 639 510 698 verisimilem
531 639 650 712 quidem
668 639 835 698 coniectura
850 655 958 714 augam
973 642 1055 713 velis,
1078 643 1262 702 confirmabit

105 739 357 800 Democritcorum
390 740 479 800 index
511 740 587 799 sicut
618 747 732 799 ceterae
766 741 907 817 Thrasylli
946 741 1100 802 citationes
1134 743 1179 817 (9,
1201 744 1260 818 41)

107 853 168 896 non
199 855 235 898 cx
261 841 329 916 ipso
355 843 444 902 huius
471 843 545 900 libro
573 850 688 901 sumtus
717 841 771 899 sed
797 858 834 900 ex
861 856 897 900 eo
924 858 1012 915 quem
1038 841 1120 902 initio
1143 844 1188 920 (9,
1198 843 1261 919 ,34)

106 950 250 1000 memorat
276 943 432 1016 Favorino,
468 944 514 1002 eui
543 945 719 1016 Protagorae
746 957 864 1016 quoque
895 941 1012 1002 omnem
1041 945 1102 1002 lere
1128 946 1260 1006 notitiam

107 1041 154 1114 (9,
171 1038 319 1112 51-54,
344 1046 380 1103 oi.
404 1043 433 1118 3,
451 1039 493 1104 57
521 1052 647 1118 atquae
671 1045 857 1116 supradixi)
892 1046 1000 1104 debere
1024 1047 1259 1119 deprehenditur.

108 1144 168 1202 Sed
200 1143 263 1202 sire
290 1146 476 1205 alavarum
509 1145 665 1219 exscripsit
697 1144 843 1217 Diogenes
875 1144 937 1203 sive
973 1160 1010 1202 ex
1042 1145 1098 1205 alie
1133 1149 1260 1220 quodam

107 1244 260 1318 scriptore,
283 1246 314 1303 id
336 1247 499 1307 certissime
521 1252 635 1304 constat
657 1247 735 1302 hunc
751 1245 850 1318 ipsum
865 1261 953 1319 quem
969 1245 1103 1318 sequitur
1113 1257 1261 1308 auctorem

107 1345 246 1404 retulisse
268 1347 335 1404 illos
357 1355 469 1406 tanmm
492 1347 605 1406 indices
628 1345 677 1419 qui
700 1347 736 1404 ab
759 1346 916 1404 Andronici
939 1353 1071 1420 tempore
1094 1349 1261 1408 serebantur

107 1462 242 1520 quosque
269 1440 347 1520 τούς
374 1445 431 1508 νῦν
457 1440 661 1530 φερομένους
688 1448 724 1505 ab
746 1447 914 1506 Andronico
941 1448 1047 1520 repetit
1073 1449 1160 1508 etiam
1182 1450 1261 1507 Plut-

106 1550 214 1606 archus
245 1564 335 1620 quum
364 1550 413 1622 qui
441 1549 580 1623 Diogenis
608 1548 697 1608 indici
728 1548 894 1607 simillimus
924 1555 970 1607 est
996 1555 1025 1606 ct
1052 1551 1173 1608 eosdem
1200 1551 1261 1630 lere

106 1650 199 1707 libros
222 1649 338 1707 citando
365 1652 492 1709 crxudem
520 1651 629 1708 iontem
658 1651 802 1724 significat
828 1650 896 1708 licet
917 1665 934 1707 a
956 1650 1112 1709 recentiori
1134 1653 1260 1726 quodam

105 1756 227 1810 auctore
249 1752 340 1810 multa
361 1752 420 1810 iam
442 1752 594 1810 omittente
615 1753 714 1824 paullo
736 1753 893 1823 turbatum,
917 1750 1084 1810 Andronico
1107 1769 1140 1812 se
1162 1760 1261 1827 poste-

105 1852 216 1911 riorem
244 1851 307 1925 ipse
335 1851 507 1911 confiteatur
535 1853 586 1926 (ci.
603 1853 741 1912 Wenriclr
758 1850 834 1924 157)
865 1853 953 1910 index
980 1852 1138 1911 Ptolemaei
1166 1853 1261 1926 philo,-

106 1953 194 2028 sophi
222 1954 401 2028 peripatetici
429 1969 517 2027 quem
545 1969 581 2012 ex
608 1954 683 2013 libro
711 1954 774 2012 eius
798 1955 850 2026 (de
872 1952 1036 2012 Aristotelis
1058 1953 1116 2012 vita
1139 1961 1168 2012 et
1189 1953 1261 2012 scri-

105 2063 225 2128 ptorum
248 2055 351 2114 ordine
374 2055 472 2114 Wenr.
489 2051 561 2114 237.
585 2055 676 2122 David
697 2056 728 2114 iu
750 2061 806 2113 cat.
823 2051 874 2126 28,
891 2052 947 2127 14)
974 2055 1033 2126 „ad
1053 2054 1176 2128 Agallim
1199 2055 1261 2114 sire

105 2156 264 2230 Agalliam’'
297 2155 355 2228 (uti
379 2154 498 2214 Casiril
518 2173 546 2230 p.
563 2152 626 2216 306
648 2157 774 2214 Arabcm
796 2163 993 2214 consonantes
1015 2163 1128 2214 tantum
1150 2156 1261 2216 litteras

105 2291 150 2300 —-
170 2257 256 2332 Agim
278 2264 502 2330 -ponentem
525 2257 746 2330 interpretatur)
779 2257 810 2314 iu
836 2256 990 2316 Arabicam
1023 2257 1152 2332 linguam
1178 2258 1263 2317 vertit

108 2357 400 2429 Dsohemaleddinus,
423 2359 458 2416 ci.
482 2358 608 2418 lladschi
631 2359 734 2417 Khalfa
749 2359 780 2430 V,
798 2356 847 2418 75.
893 2357 948 2427 Qui
970 2359 1156 2418 Ptolemaeus
1182 2360 1261 2418 idem

105 2461 194 2520 luerit
217 2475 304 2533 quem
326 2460 506 2519 Platonicum
529 2469 613 2519 vocat
633 2459 783 2520 lamblich.
808 2475 853 2534 ap.
878 2460 958 2519 Stob.
981 2461 1040 2518 Ecl.
1057 2461 1141 2535 phys.
1158 2477 1186 2534 p.
1198 2459 1261 2522 904

106 2577 256 2636 quemque
267 2561 297 2620 iu
306 2561 435 2620 Platonis
447 2562 595 2622 Timaeum
608 2568 836 2623 commentatum
847 2577 914 2622 esse
923 2563 1044 2622 Procius
1053 2559 1262 2636 (inumata)

108 2665 179 2724 dicit
185 2679 193 2737 ;
217 2665 294 2738 idem
311 2664 438 2737 denique
454 2680 541 2739 quem
552 2663 721 2724 Priscianus
733 2663 831 2722 eitam
842 2663 873 2720 in
885 2663 965 2721 Vino.
982 2649 1189 2738 Bellov.'Spec.
1202 2671 1261 2722 uai.

105 2765 159 2839 23,
176 2763 226 2826 68.
271 2765 347 2824 Nihil
370 2766 448 2824 euim
475 2767 532 2826 hoc
553 2773 685 2840 tempore
707 2765 804 2822 valent
825 2764 1041 2822 Platonicorum
1064 2771 1093 2824 ct
1114 2767 1262 2841 Peripate-

103 2871 230 2930 ticorum
253 2867 430 2926 discrimina.
475 2868 519 2926 Ab
541 2869 597 2926 hoc
620 2876 717 2926 tamen
739 2866 826 2926 ambo
849 2864 890 2923 illi
912 2865 1069 2924 Ptolemaei
1080 2867 1261 2940 peripatetici

106 2987 184 3046 quos
206 2970 295 3028 citant
317 2969 396 3028 Sext.
419 2971 502 3044 Emp.
525 2985 554 3042 p.
571 2967 634 3028 612
657 2977 686 3026 et
705 2966 1262 3043 Longin.ep.Porph.vitPlot.p.13i

107 3071 217 3132 diversi
248 3069 394 3130 ridentur.
426 3072 461 3128 cl.
484 3071 567 3130 Febr.
593 3071 624 3128 B.
649 3070 697 3130 Gr.
720 3070 754 3128 H.
771 3071 817 3140 ΙΙΙ,
834 3065 906 3129 504.
955 3069 1007 3127 ΙΙΙο
1037 3076 1133 3128 autem
1167 3070 1263 3144 philo-

106 3175 222 3247 sophus
244 3172 470 3244 Neoplatonicus
493 3179 522 3230 et
544 3189 561 3230 a
582 3171 799 3245 Neoplatouicis
819 3171 980 3229 lambliclio
995 3170 1098 3229 Proclo
1114 3171 1262 3230 Prisciano

106 3276 212 3333 citatus
234 3278 337 3332 auctor
357 3272 428 3330 milri
458 3289 525 3332 esse
555 3273 671 3332 videtur
697 3273 786 3332 libelli
814 3288 892 3330 nunc
915 3286 1033 3345 quoque
1056 3258 1161 3331 servati
1185 3265 1263 3352 περὶ

107 3364 276 3457 κριτηρίου
298 3366 354 3434 καὶ
374 3361 572 3456 ἡγεμονικοῦ
595 3389 683 3448 quem
699 3389 715 3432 c
731 3375 849 3432 duobus
864 3389 935 3432 mss.
949 3373 1090 3432 Parisiuis
1101 3374 1263 3440 Bullialdus

107 3477 200 3537 edidit
221 3475 340 3536 Parisiis
355 3472 439 3536 1663
462 3477 499 3534 ad
521 3483 722 3534 astronomum
744 3483 823 3534 certe
845 3475 892 3532 cui
914 3473 1070 3546 adscripsit
1085 3474 1263 3532 editoruilril

107 3579 319 3654 pertinentem,
353 3577 388 3634 ci.
417 3577 488 3636 Ptol.
517 3577 657 3637 Platonici
684 3594 730 3651 ap.
756 3577 859 3636 lambi.
894 3576 930 3634 de
958 3575 1054 3633 anima
1088 3574 1263 3641 seutentiam

107 3680 355 3754 materialisticam
377 3693 444 3738 cum
466 3680 538 3738 Ptol.
563 3681 599 3738 de
622 3679 716 3738 criter.
739 3697 767 3752 p.
784 3677 894 3751 24sq.,
917 3677 954 3735 de
976 3675 1072 3734 anima
1094 3691 1183 3734 causa
1199 3691 1264 3734 cor·

108 3783 191 3858 poris
211 3787 349 3840 movente
370 3780 443 3838 Ptol.
467 3797 512 3854 ap.
535 3781 625 3840 Prisc.
649 3797 717 3840 cum
739 3782 758 3838 l.
782 3783 819 3838 de
841 3779 904 3838 erit.
927 3795 955 3852 p.
969 3776 1010 3837 12
1022 3795 1083 3852 sq.
1109 3779 1151 3835 Ex
1174 3779 1263 3838 huius

108 3885 229 3959 quidem
256 3881 354 3942 iudice
380 3883 538 3944 Ptolemaei
566 3883 814 3942 inconsideratius
841 3881 959 3940 coniicit
984 3881 1030 3940 W.
1052 3877 1115 3939 143
1143 3879 1263 3940 61126

108 3989 182 4046 haec
203 3987 344 4059 pleraque
367 3984 464 4042 omnia
486 3986 522 4054 ab
545 3985 690 4044 Arabibus
724 3998 864 4044 conversa
893 3983 1067 4056 cognitaque
1100 3981 1136 4039 iis
1159 3983 1262 4052 luisse,

107 4103 201 4163 quum
234 4085 331 4161 quivis
366 4086 416 4159 qui
449 4087 495 4144 vel
521 4086 657 4156 Averrois
687 4067 912 4145 commentarios
940 4084 1160 4157 perlustraverit
1191 4084 1263 4163 satis

107 4189 252 4262 intelligat
275 4203 338 4245 uon
360 4169 434 4245 alios
457 4188 522 4257 ,iere
543 4188 707 4248 Aristotelis
735 4188 826 4246 libros
854 4201 942 4260 quam
964 4200 1020 4243 nos
1042 4181 1121 4244 nune
1143 4199 1263 4258 quoque

104 4289 235 4364 legimus
264 4295 293 4346 ei
320 4288 429 4347 Arabes
457 4290 611 4363 habuisse,
638 4305 690 4348 cos
718 4289 779 4346 scil.
809 4288 859 4362 qui
885 4286 1056 4346 versionum
1082 4286 1263 4346 arabicarum

107 4397 203 4448 aetate
229 4405 247 4446 a
269 4389 388 4446 Graecis
415 4389 489 4462 ipsis
515 4391 572 4450 iam
600 4393 650 4451 diu
677 4391 731 4450 soli
755 4391 815 4448 iero
842 4390 1009 4464 legerentur
1033 4401 1169 4460 quosque
1196 4395 1263 4448 autc
