3036 5164
812 330 874 393 luo

268 509 472 588 proponuntur
498 510 533 566 ad
562 505 777 564 Platonicorum
809 503 969 562 doctrinam
1001 501 1187 560 iudicandam
1221 497 1422 556 monsterendo

268 613 446 688 repetuntur.
496 609 652 682 Neglectae
685 614 731 666 est
763 606 792 662 in
820 612 879 663 tola
906 606 960 662 hac
993 603 1165 676 quaestione
1202 599 1286 658 liber
1310 587 1349 670 λ’,
1381 597 1423 670 qui

269 733 360 790 quum
383 728 500 772 omnem
521 713 558 769 dc
580 711 673 784 prima
696 707 882 784 philosophia
904 707 1065 764 doctrinam
1094 720 1153 764 uno
1176 702 1301 762 ambitu
1325 699 1425 759 descri-

269 819 339 874 here
361 821 483 874 conatus
505 811 653 872 historicis
675 809 853 884 quibusdam
874 808 956 866 initio
980 805 1151 882 praemissis
1173 805 1315 864 breuiter
1334 804 1426 875 dispo-

270 917 408 977 lationem
432 918 467 975 de
491 914 653 974 substantia
676 920 705 970 et
726 911 844 985 incipiat
867 917 894 968 et
917 909 1025 969 dividat
1048 915 1076 966 et
1098 907 1244 980 perficiat,
1270 923 1289 964 a
1313 904 1425 978 reliquis

269 1020 399 1094 prolecto
421 1018 504 1076 libris
528 1032 603 1090 quos
626 1021 724 1088 partes
747 1014 834 1072 modo
851 1027 919 1070 esse
934 1009 1125 1085 metaphysici
1141 1009 1247 1082 operis
1262 1025 1326 1068 non
1339 1008 1426 1080 ipsum

270 1131 363 1182 totum
396 1121 553 1180 volucrunt
579 1124 749 1192 segregatur
771 1113 908 1172 omnihus
935 1129 990 1172 nec
1012 1113 1111 1188 luisse·
1126 1111 1183 1170 iam
1208 1109 1331 1184 aliquid
1352 1122 1426 1182 prae-

271 1225 396 1282 missum
418 1221 479 1278 ullo
506 1220 629 1294 vestigio
654 1217 804 1293 proditur,
838 1231 934 1290 neque
967 1215 1156 1292 quaestiones
1190 1212 1307 1272 dubias
1341 1224 1426 1282 neque

271 1325 425 1384 nominum
456 1321 681 1394 explicationes:
719 1319 785 1378 illae
817 1318 896 1376 enim
923 1319 953 1376 in
979 1319 1046 1391 ipso
1073 1317 1139 1376 lihri
1167 1323 1279 1374 tenore
1307 1313 1423 1387 primum

273 1427 442 1486 inliciuntur
465 1424 516 1496 (cl.
534 1441 558 1482 e.
574 1426 621 1497 4),
648 1425 703 1480 hac
730 1437 765 1480 co
791 1437 851 1494 quo
878 1427 1059 1493 usurpantur
1082 1419 1147 1476 loco
1176 1417 1363 1480 exhihentur
1383 1412 1423 1484 (cl

275 1543 299 1586 c.
312 1512 432 1597 aher)
443 1555 485 1568 -
497 1541 552 1583 nec
569 1539 708 1596 umquam
725 1522 811 1582 etiam
823 1523 895 1580 alios
909 1522 976 1580 citat
990 1521 1081 1580 lihros
1093 1511 1332 1595 metaphysicos,
1346 1528 1424 1589 quum

275 1637 305 1686 et
327 1643 401 1702 quae
429 1627 531 1684 eadem
558 1627 648 1684 multa
672 1624 765 1698 tangit
792 1632 886 1683 tamen
914 1631 946 1682 ut
967 1639 1043 1682 nova
1063 1623 1151 1680 infert
1173 1638 1231 1680 nee
1255 1620 1343 1694 prius
1365 1634 1379 1676 a
1398 1629 1424 1672 se

274 1734 502 1788 commemorata
524 1727 601 1784 velut
624 1728 660 1786 de
682 1727 811 1801 potentia
834 1741 858 1784 c.
876 1723 905 1796 6,
928 1725 978 1782 uhi
1007 1726 1043 1782 de
1071 1724 1207 1782 citatione
1237 1715 1371 1804 εἴρηται
1395 1711 1424 1778 δὲ

275 1828 350 1904 πῶς
372 1825 603 1902 (chaldim.)
636 1837 737 1888 contra
769 1827 986 1900 Schweglerum
1019 1835 1047 1884 et
1080 1827 1188 1887 Titzem
1223 1833 1308 1884 recte
1334 1821 1421 1882 Bonitr

277 1932 390 1992 monuit
413 1930 524 1989 Comm.
548 1945 575 2000 p.
592 1927 664 1988 492.
709 1931 862 2004 Physicam
884 1929 983 2002 potius
1006 1927 1235 2002 disputationem
1260 1943 1328 1986 eam
1341 1922 1421 1998 qualis

277 2035 363 2107 Phys.
387 2033 406 2088 l.
429 2030 490 2088 Vlll
512 2030 678 2090 continetur
698 2047 833 2104 quaeque
852 2030 993 2105 physicae
1015 2029 1164 2088 doctrinae
1188 2031 1278 2104 quasi
1291 2027 1420 2102 quaeum

277 2142 322 2194 est
343 2131 551 2204 metaphysica,
573 2133 671 2203 paullo
694 2140 760 2190 ante
783 2133 944 2190 institutam
965 2131 995 2189 id
1018 2132 1095 2204 quod
1120 2131 1184 2204 ipsa
1206 2131 1321 2192 citandi
1343 2125 1421 2200 negli-

278 2237 375 2310 gentia
397 2237 437 2306 (c.
454 2229 483 2291 7.
500 2229 593 2304 1073,
611 2230 629 2292 5
653 2225 820 2294 δέδεικται
842 2226 879 2294 δὲ
901 2226 957 2293 καὶ
979 2241 1033 2292 etc.
1057 2232 1093 2290 cl.
1110 2248 1135 2290 c.
1147 2230 1184 2304 8)
1208 2232 1351 2302 ostendit,
1373 2242 1419 2286 non

181 2334 183 2338 ’
278 2337 366 2396 modo
398 2333 590 2406 consequitur
623 2337 676 2394 sed
709 2336 774 2409 ipsc
806 2343 885 2394 totus
919 2319 1032 2409 physici
1066 2337 1231 2407 argumenti
1267 2343 1315 2394 est
1340 2342 1420 2402 neque

279 2437 398 2497 omnino
422 2437 459 2494 ad
480 2438 713 2513 metaphysicum
734 2437 873 2512 pertinet,
906 2438 1015 2496 nedum
1041 2437 1078 2494 ad
1101 2435 1220 2496 intimos
1250 2437 1340 2496 huius
1361 2430 1418 2490 artis
1486 2435 1487 2458 ¹

279 2553 416 2596 recessus
438 2543 470 2594 ut
491 2537 583 2594 voluit
604 2537 767 2598 Alexander
795 2547 824 2598 et
845 2555 911 2598 cum
938 2554 974 2596 eo
997 2537 1176 2598 recentiores
1199 2555 1318 2600 omnes.
1359 2535 1419 2592 Vera
1486 2565 1487 2624 p

278 2639 358 2698 enim
386 2645 455 2696 suut
486 2631 569 2714 perd
596 2633 637 2698 coi
661 2629 785 2722 φυσικά
808 2647 837 2698 et
863 2640 947 2712 quasi
974 2640 1112 2714 physicae
1139 2642 1331 2715 appendices,
1356 2646 1418 2709 quae
1486 2643 1488 2714 ]

280 2741 371 2800 multo
394 2739 488 2814 magis
510 2739 540 2798 in
563 2750 734 2814 argumento
758 2741 917 2800 concinunt
943 2757 1009 2798 cum
1037 2757 1072 2801 ea
1093 2743 1204 2816 primae
1226 2736 1418 2818 philosophiae
1487 2761 1488 2767 κ

280 2841 398 2902 notione
426 2857 501 2915 quae
529 2850 589 2900 erat
611 2843 801 2918 Theophrasti
829 2843 890 2902 sive
918 2843 1052 2917 quisquis
1079 2852 1181 2905 auctor
1207 2855 1254 2906 est
1281 2834 1416 2916 fragmenti
1486 2825 1487 2860 l

280 2945 336 3004 suh
359 2945 423 3004 eius
446 2943 565 3003 nomine
588 2945 654 3004 lecti
682 2961 770 3019 quam
799 2961 866 3003 cum
890 2945 955 3018 ipsa
977 2945 1151 3005 Aristotelis.
1195 2948 1263 3020 Agit
1286 2943 1361 3004 enim
1380 2937 1417 2998 hil
1486 2918 1488 2972 l

280 3049 317 3106 de
340 3045 504 3106 substantia
526 3053 670 3117 quatenus
693 3053 738 3104 est
760 3047 924 3106 substantia
946 3056 975 3108 et
989 3047 1160 3120 intelligitur
1175 3043 1227 3122 (τὸ
1242 3045 1277 3111 τὶ
1291 3035 1331 3132 ἦν
1344 3029 1418 3104 εἶναι

281 3149 359 3222 quod
382 3146 543 3218 respondet
565 3146 648 3206 ideae
670 3147 798 3206 Platonis
822 3149 899 3208 sicut
920 3151 1008 3208 huius
1032 3149 1168 3222 Sophiste
1190 3148 1354 3212 Aristotelis
1368 3145 1416 3202 Me·

169 3271 171 3274 ·
280 3247 439 3322 taphysicis
463 3246 523 3304 sive
547 3262 634 3319 quam
657 3265 672 3306 a
695 3249 815 3323 physica
838 3253 991 3323 separarit,
1015 3251 1050 3308 cl.
1074 3253 1111 3309 de
1130 3261 1203 3326 part.
1224 3269 1272 3312 an.
1290 3247 1360 3318 641,
1375 3243 1414 3308 34,

281 3349 421 3408 scientiae
450 3341 791 3428 eratosthenes
817 3352 981 3432 νοητοῦ),
1016 3353 1064 3410 illa
1096 3369 1165 3412 xero
1192 3354 1258 3413 lihri
1283 3343 1312 3412 λ’
1339 3349 1416 3424 prima

280 3450 465 3526 philosophia
486 3451 523 3508 de
547 3451 710 3510 substantia
732 3455 790 3527 agit
813 3463 841 3513 et
862 3456 955 3513 forma
977 3463 1121 3529 quatenus
1144 3463 1241 3514 inovet
1265 3465 1295 3516 et
1315 3459 1417 3513 aeterna

281 3563 326 3614 est
348 3569 436 3612 causa
463 3559 559 3610 molus
591 3560 624 3612 ut
651 3555 821 3630 demiurgus
848 3556 896 3614 ille
919 3557 1027 3614 Timaei
1059 3557 1216 3630 ipsumque
1249 3558 1336 3618 huius
1361 3559 1416 3608 csse
1486 3605 1487 3614 ,

281 3674 317 3715 ex
340 3654 470 3730 physicis
493 3655 677 3714 solummodo
690 3658 870 3732 argumentis
883 3665 969 3732 atque
982 3673 1016 3716 ex
1029 3657 1095 3732 ipso
1108 3667 1190 3718 rnotu
1202 3661 1250 3733 (ut
1262 3661 1346 3732 Phys.
1355 3648 1416 3716 Vlll)

281 3756 449 3830 deducitur;
483 3771 543 3814 uon
577 3756 715 3828 probatur
748 3775 815 3822 esse
849 3760 1027 3819 substantias
1061 3761 1196 3819 immotas
1230 3763 1284 3820 sed
1309 3755 1415 3832 prinam

281 3858 427 3932 quandam
450 3859 643 3918 substantiam
665 3859 814 3919 immotam
837 3877 955 3920 movere
978 3862 1089 3934 omnia3
1112 3879 1171 3921 non
1195 3864 1343 3937 quaeritur
1356 3867 1416 3929 quo·

281 3961 369 4020 modo
404 3959 442 4017 sit
475 3940 638 4020 substantia
671 3963 764 4035 (utin
780 3963 798 4020 l.
815 3963 865 4035 Vl)
900 3965 953 4022 sed
976 3967 1124 4040 quomodo
1146 3974 1274 4039 moveat;
1308 3977 1359 4022 uec
1377 3954 1415 4012 illa
1485 3961 1486 3969 ³

282 4064 318 4121 de
355 4077 478 4120 numero
515 4071 661 4124 motorum
699 4080 735 4122 ex
762 4065 912 4122 stellarum
948 4083 1071 4126 numero
1109 4068 1295 4142 motibusque
1328 4061 1415 4122 elfeth>

281 4165 414 4240 quaestio
436 4165 501 4222 fuse
524 4165 663 4238 explicata
686 4165 771 4222 aliam
795 4167 882 4224 hahet
904 4168 1073 4242 dignitatern
1096 4186 1130 4228 ac
1151 4171 1311 4245 physicam.
1351 4161 1414 4230 Phl'·

1484 4004 1487 4089 l

1483 4138 1486 4159 .

1483 4174 1487 4217 t

230 4316 232 4320 .
282 4267 359 4326 sicae
382 4265 461 4323 enirn
484 4273 529 4324 est
551 4267 738 4326 considerare
754 4261 796 4328 τὰ
808 4259 881 4350 εἴδη
893 4277 1038 4342 quatenus
1051 4271 1110 4332 sint
1121 4261 1257 4354 ἀκίνητα
1269 4261 1412 4332 κινοῦνται
1483 4230 1487 4278 '³

283 4368 363 4426 Circa
394 4367 441 4424 illa
464 4382 533 4424 vero
568 4376 596 4425 et
623 4369 812 4441 Theophrasti
847 4373 1036 4444 quaestiones
1059 4375 1214 4432 maximam
1235 4383 1341 4448 partem
1362 4375 1414 4420 rer·
