3072 5164
770 361 791 423 6
837 449 838 456 .

207 537 386 604 extentaque
407 529 598 590 similitudine
621 531 760 590 commoti
782 531 954 600 niterentur,
978 528 1057 601 quod
1080 535 1112 587 ut
1127 529 1238 588 Gaiano
1254 525 1359 585 accidit

207 631 303 705 iisque
331 649 406 707 quos
432 633 481 691 ilie
509 634 643 707 sequitur
668 633 708 691 ita
735 647 813 690 nunc
844 645 963 705 quoque
989 629 1026 687 de
1053 630 1158 688 eodem
1184 629 1359 702 Hippocrate

205 733 333 794 Littraeo
357 734 516 808 disputanti
538 734 589 808 qui
611 733 798 806 Leophsnem
821 731 1014 806 etPoiybum
1036 731 1073 788 ab
1085 730 1241 789 Aristotele
1255 731 1360 788 citatos

207 849 333 908 quorum
356 843 389 894 ut
410 836 568 893 multorum
590 833 731 907 temporis
753 833 893 893 Platonici
919 831 1108 907 physicorum
1135 831 1215 888 reiut
1237 829 1360 889 Clidemi

207 935 332 996 altorum
354 937 391 995 eh
413 936 569 995 Aristotele
596 935 657 1000 iere
680 936 745 994 solo
767 941 796 993 ot
818 935 1019 1008 Theophrasto
1041 939 1270 990 memoratorum
1292 945 1361 990 mort

207 1042 238 1096 et
259 1037 334 1096 iama
356 1044 386 1096 et
407 1037 473 1098 libri
495 1037 624 1111 periere,
652 1037 728 1094 inter
749 1043 885 1094 auctores
906 1033 1126 1109 Hippocraticos
1152 1035 1284 1108 reperire
1304 1033 1360 1092 sibl

206 1138 290 1198 visus
311 1147 365 1200 est.
379 1194 384 1206 ,
399 1136 591 1196 Arbitrarium
612 1138 691 1196 enim
714 1145 760 1196 est
781 1153 818 1196 ex
840 1153 875 1196 eo
888 1135 1044 1213 quodlibri
1066 1129 1146 1218 cept
1167 1126 1363 1217 incautiores

208 1255 266 1300 une
288 1241 431 1314 quaedam
456 1238 601 1298 sententia
622 1238 776 1297 conveniat
797 1255 865 1298 cunr
881 1254 915 1298 aa
930 1253 1006 1312 quae
1020 1237 1362 1311 Leophanisetaiiurum

208 1349 327 1414 quoque
349 1340 514 1400 secundum
536 1340 722 1398 Aristotelem
745 1347 799 1412 est,
823 1341 950 1398 eundem
973 1353 1041 1398 esse
1063 1346 1213 1397 auctorem
1234 1337 1362 1410 libriqui

209 1441 372 1500 sententiae
394 1439 553 1513 ailirmare3
577 1439 677 1514 Polybi
700 1454 769 1498 vero
792 1441 875 1500 loeus
898 1442 934 1498 de
956 1456 1097 1499 venarum
1119 1445 1253 1497 anatome
1275 1439 1312 1496 ab
1326 1451 1363 1496 eo

206 1540 259 1626 ¹qui
281 1540 389 1600 librum
412 1541 448 1600 de
471 1547 573 1600 nutura
596 1541 724 1600 hominis
751 1536 917 1616 composuit
943 1557 979 1601 ax
1005 1539 1256 1614 ipsaAristotelis
1279 1539 1362 1611 (hist.

210 1656 257 1700 au.
273 1639 303 1714 3,
319 1639 356 1714 3)
379 1641 517 1701 citatione
539 1642 705 1716 descriptus
728 1651 787 1714 est,
816 1644 896 1716 quod
922 1643 1055 1701 iocorum
1077 1643 1257 1714 comparatio
1279 1642 1365 1700 docet

210 1757 301 1816 quum
324 1742 486 1802 orationem
508 1743 610 1818 Poly-bi
637 1745 713 1818 apud
736 1745 921 1804 Aristotelem
948 1745 978 1802 in
1005 1744 1103 1802 medio
1130 1743 1280 1802 enuntiato
1308 1744 1322 1814 (
1354 1735 1363 1757 ⁸

210 1836 248 1904 δὲ
258 1840 325 1902 τῶν
335 1837 471 1925 φλεβῶν
482 1847 552 1917 etc.)
575 1845 762 1919 incipientem
778 1846 935 1919 verbisque
950 1843 1040 1902 linitis
1055 1843 1228 1919 plerumque
1245 1843 1365 1903 omissis

211 1945 283 2004 satis
305 1945 425 2005 conciso
448 1961 585 2006 sermone
606 1947 843 2022 progredientem
865 1947 940 2006 liber
961 1946 1182 2020 Hippocraticus
1203 1946 1366 2019 planiorem

211 2047 314 2106 reddat
335 2047 417 2106 verbi
439 2055 571 2120 tempora
593 2047 674 2105 finita
696 2048 830 2107 inserens
853 2050 906 2120 (err
928 2049 985 2106 hoc
999 2063 1069 2105 vero
1084 2047 1200 2106 transiit
1214 2048 1244 2105 in
1260 2048 1368 2106 librum

211 2165 227 2207 e
250 2147 376 2207 diversis
398 2149 569 2222 iragmentis
591 2156 747 2208 consutum
770 2152 807 2209 de
829 2157 887 2208 nat.
904 2164 965 2208 oss.
981 2165 1009 2221 p.
1023 2145 1084 2208 507
1097 2163 1161 2222 sqq.
1175 2151 1206 2207 Τ.
1219 2151 1239 2206 l.
1252 2149 1363 2220 litlhn).

211 2249 274 2308 Non
297 2249 499 2320 minuetum,
523 2256 555 2308 ut
577 2249 633 2307 hoc
656 2263 773 2323 quoque
796 2251 930 2324 exemplo
956 2257 1035 2322 utar,
1060 2251 1208 2324 Spengelii
1230 2253 1267 2309 de
1289 2252 1366 2308 Ana-

211 2350 337 2410 ximenis
359 2349 513 2410 rhetoricis
536 2350 721 2409 coniecturae
744 2352 925 2410 Victorianse
947 2352 999 2423 (et.
1012 2352 1215 2425 MenegeOhs.
1233 2353 1362 2425 ediliog.

210 2455 243 2512 h.
259 2449 359 2526 pat)
391 2452 524 2510 dalensio
558 2459 612 2510 est.
645 2451 774 2514 ,Omnia
800 2453 888 2528 igitur
915 2467 990 2527 quae
1017 2455 1054 2512 de
1081 2453 1158 2510 veris
1185 2453 1365 2512 incertorum

210 2553 352 2614 librorum
375 2553 544 2613 unctoribus
572 2561 686 2614 veteres
708 2557 849 2628 produnt,
879 2556 957 2614 velut
983 2557 1020 2613 de
1042 2555 1171 2612 Platonis
1193 2555 1367 2628 Epinomide

212 2662 241 2714 et
262 2655 421 2730 Halcyone,
450 2670 487 2714 ex
508 2671 589 2713 mera
610 2662 779 2714 coniectura
801 2665 830 2716 et
851 2657 1001 2716 leuissima
1023 2671 1139 2730 quaque
1162 2659 1266 2714 hausta
1287 2655 1368 2714 nulia

96 2835 98 2838 Ι
212 2772 268 2816 nos
290 2757 462 2816 auctoritate
484 2757 698 2830 constringunt,
722 2758 816 2831 ipsius
838 2775 907 2818 vero
923 2749 1065 2831 νοθείας
1077 2758 1185 2816 iudicia
1200 2759 1267 2816 licet
1279 2773 1367 2830 saepe

212 2859 364 2918 arbitraris
386 2858 436 2932 (cl.
454 2873 480 2916 e.
498 2873 521 2916 u.
538 2859 667 2918 idomen.
685 2875 730 2932 ap.
748 2862 851 2920 Athen.
869 2857 919 2933 13,
937 2858 1014 2933 611)
1045 2875 1104 2920 non
1137 2873 1255 2933 semper
1281 2859 1369 2916 nobis

212 2961 388 3035 negligendo
411 2967 490 3030 sunt
513 2959 598 3018 cuius
621 2961 662 3018 rei
686 2963 820 3035 exemplo
843 2971 911 3021 utor
932 2962 1063 3036 Dionysii
1085 2961 1187 3034 optimi
1203 2959 1295 3018 critici
1310 2961 1370 3018 cin*

213 3062 342 3122 sissimo.
387 3061 423 3120 Ut
444 3061 629 3134 Hippocratis
651 3061 690 3120 ita
713 3063 853 3141 falsorum
877 3062 1033 3121 Democriti
1055 3063 1198 3120 librorum
1220 3063 1278 3120 ietn
1295 3061 1371 3120 anti·

147 3182 150 3186 ’
214 3163 314 3238 quitus
336 3175 441 3236 magna
465 3163 548 3236 copia
571 3163 703 3222 extitisse
725 3165 853 3234 videtur,
880 3179 935 3224 nec
964 3165 1060 3225 solum
1087 3165 1114 3224 id
1139 3164 1218 3238 quod
1241 3163 1278 3220 de
1300 3161 1370 3236 Hip-

213 3271 331 3339 pocrate
364 3262 510 3334 Galenus,
545 3263 582 3323 de
611 3266 775 3324 Democrito
802 3267 947 3340 Diogenes
974 3265 1108 3325 Laertius
1141 3263 1228 3324 tradit
1260 3265 1370 3322 multos
1430 3247 1436 3255 ¹

214 3366 306 3426 libros
337 3380 374 3424 ex
401 3365 525 3424 aliorum
557 3367 727 3442 fragmentis
754 3369 934 3441 compositos
967 3369 1059 3426 tuisse
1089 3368 1186 3442 (Diog.
1211 3369 1242 3424 L.
1266 3365 1295 3437 9,
1311 3361 1370 3436 49)

214 3467 370 3540 utriusque
402 3467 583 3528 collectionis
617 3470 743 3527 similem
776 3476 909 3528 usturam
942 3471 1055 3544 probat.
1100 3471 1171 3528 Nam
1205 3469 1283 3542 quod
1311 3467 1370 3524 ism

214 3568 301 3642 primi
328 3568 515 3630 Alexandrini
544 3577 573 3629 et
600 3570 783 3645 Hippocratis
811 3571 919 3644 scripta
945 3574 981 3630 ab
1009 3572 1166 3644 Herophilo
1193 3571 1261 3628 inde
1290 3581 1370 3624 corn-

123 3660 125 3667 '
216 3671 423 3730 meutabaatur
445 3679 474 3730 at
496 3673 610 3730 dialecti
632 3671 751 3730 tonicae
766 3685 854 3729 causa
870 3672 1025 3747 diligenter
1040 3673 1175 3746 legebant
1189 3667 1370 3729 Democritea

216 3787 342 3845 quorum
364 3772 451 3830 etiam
474 3773 587 3832 indices
610 3772 678 3830 lecit
701 3772 908 3844 Callimachus
933 3775 962 3832 id
984 3781 1063 3834 certe
1085 3775 1157 3832 nihii
1177 3772 1237 3830 nisi
1260 3785 1372 3844 suppo-

216 3873 339 3931 sitorum
361 3873 562 3947 antiquitatem
587 3875 725 3946 ostendit,
747 3875 920 3948 praesertim
944 3891 1034 3949 quum
1057 3877 1198 3936 incertam
1221 3873 1310 3931 iidem
1325 3883 1373 3930 ar·

216 3975 394 4048 bitrinmque
417 3976 671 4050 grammaticorum
695 3977 744 4050 qui
767 3967 910 4048 πίνακας
929 3969 1097 4037 scribebant
1119 3977 1261 4036 librorum
1281 3970 1373 4032 initiis

216 4084 245 4135 et
270 4092 410 4136 versuum
437 4078 569 4136 numeris
598 4060 735 4152 notisque
762 4085 913 4152 praeterea
944 4079 981 4138 da
1006 4079 1074 4153 ipso
1100 4086 1219 4138 auctam
1245 4075 1372 4147 eiusque

215 4177 299 4238 libris
328 4178 437 4236 criticis
464 4171 583 4238 ornatos
611 4180 664 4253 (ci.
679 4180 784 4239 Athen.
801 4179 831 4252 6,
848 4179 920 4239 244.
944 4179 995 4252 13,
1012 4179 1076 4242 600
1090 4181 1162 4249 etc.)
1190 4187 1219 4240 et
1247 4178 1374 4238 Alchen-

217 4277 368 4338 drinorum
390 4285 421 4336 et
442 4279 688 4354 Pergamenorum
711 4282 763 4354 (oi.
776 4285 879 4342 Athen.
896 4282 926 4357 8,
940 4280 1018 4355 366)
1034 4283 1091 4341 iam
1107 4281 1267 4358 Dionysius
1280 4266 1396 4358 (OppiN

215 4380 289 4438 reor.
306 4379 413 4440 uersae
428 4383 458 4440 r.
472 4382 503 4438 v.
521 4400 548 4457 p.
564 4381 635 4444 636.
660 4385 695 4442 cr.
712 4381 783 4444 aet.
798 4381 877 4457 666)
900 4384 1065 4445 currimns
1089 4387 1126 4444 ae
1150 4383 1284 4443 orosam
1308 4395 1376 4442 on·
1398 4365 1467 4488 &v
