3072 5164
720 372 759 434 te

157 540 266 604 horem
288 543 511 614 praecedebant.
556 541 619 600 Non
643 543 721 602 enirn
742 544 798 604 luit
820 553 887 606 anm
902 544 1112 619 Peripateticos
1128 564 1226 624 neque
1240 551 1314 611 litte·

160 659 259 701 rarum
287 644 410 703 historia
435 658 533 718 neque
560 645 769 720 chronologiae
789 647 920 705 studium
949 655 1067 721 practer
1088 654 1316 728 genealogorum
1365 641 1370 650 '

159 743 299 818 figmenta
320 747 566 820 coniectoresque
588 747 829 819 generationibus
855 748 997 830 (γενεαῖς
1018 751 1130 812 Hellen.
1155 755 1188 812 lr.
1204 751 1255 816 82.
1279 756 1315 814 cl.

158 845 268 906 Herod.
285 847 315 920 2,
332 845 394 908 145
407 865 452 923 sq.
468 845 547 920 143)
569 849 746 922 descriptae,
776 865 901 924 quorum
925 861 955 911 et
976 853 1119 914 rationem
1143 863 1172 916 et
1193 864 1317 917 aetatem

159 949 292 1010 referunt
320 967 424 1026 regum
455 951 642 1009 secerdotum
674 951 817 1010 victorum
844 963 958 1015 veteres
984 957 1051 1016 illae
1079 957 1131 1030 (cl.
1154 958 1228 1018 Piut.
1251 961 1316 1020 adv.

161 1050 224 1110 (lol.
241 1049 291 1112 tr.
315 1054 352 1112 de
374 1069 450 1112 mus.
462 1050 492 1113 3.
508 1053 577 1128 Lye
594 1050 623 1111 t.
638 1051 762 1112 Numai
779 1058 850 1129 etc.)
872 1045 1066 1141 ἀναγραφαί
1096 1075 1114 1116 a
1136 1059 1318 1120 doctioribus

159 1153 339 1228 quibusdam
361 1154 531 1214 hominibus
553 1155 658 1215 sarion
680 1163 813 1230 ternpore
840 1160 991 1219 coniectae
1017 1168 1046 1220 et
1073 1160 1103 1219 iu
1125 1162 1243 1237 templis
1264 1180 1317 1238 po·

160 1255 249 1328 sitae,
283 1257 362 1317 velut
393 1265 462 1332 post
493 1259 603 1318 Timaei
629 1259 796 1318 Philochori
823 1267 878 1320 ete.
913 1263 1011 1320 studia
1038 1277 1165 1322 marmor
1190 1265 1317 1324 Parium.

160 1358 263 1416 Glauci
285 1373 355 1418 vero
378 1357 502 1434 Rhegini
524 1361 600 1422 liber
622 1363 659 1422 dc
681 1362 777 1437 poetis
799 1361 904 1422 merito
927 1364 1056 1439 antiquis
1079 1367 1135 1424 iam
1159 1376 1317 1442 suspectus

160 1460 216 1518 luit
237 1475 293 1518 nec
315 1460 408 1534 magis
430 1461 467 1518 od
490 1460 651 1522 litterarum
674 1463 827 1524 historiam
849 1464 998 1540 pertinent
1019 1483 1075 1528 nee
1096 1469 1268 1542 Theogenes
1290 1477 1319 1528 et

160 1562 374 1622 Stesimhrotns
397 1562 470 1635 (nisi
493 1563 567 1623 torte
582 1565 763 1626 Herodotum
779 1565 866 1625 etiem
881 1568 1022 1640 peculiari
1037 1569 1137 1628 libabo
1152 1560 1183 1628 in
1198 1569 1308 1628 Homer

157 1671 285 1722 aetatem
308 1665 502 1751 ¹inquisivisse
529 1683 565 1728 ex
591 1667 710 1728 Tatiano
738 1668 857 1740 eredes)
894 1685 950 1728 nec
982 1670 1180 1744 sophistarum
1214 1669 1318 1730 aetatis

158 1767 326 1826 Socraticae
349 1767 589 1841 quaestiunculae
611 1769 792 1828 Homericae.
837 1769 959 1842 Restant
984 1772 1065 1830 solae
1088 1771 1232 1846 quaedmn
1254 1787 1319 1830 cor-

159 1869 274 1928 minum
296 1868 446 1942 epieorum
469 1867 546 1942 apud
562 1867 718 1928 historicos
740 1871 888 1930 Herodoto
903 1872 1042 1946 aequales
1064 1868 1320 1951 (Charonemeto.)

158 1971 296 2044 notitiam
323 1971 360 2030 de
382 1970 481 2046 lyricis
504 1978 533 2028 et
554 1969 739 2044 pbilosophis
761 1985 881 2046 quoque
908 1973 1072 2034 certissima
1094 1990 1129 2034 ca
1151 1983 1221 2034 sunt
1243 1990 1319 2050 quae

160 2073 218 2148 ipsi
241 2073 271 2131 ie
296 2072 465 2146 fragmentis
488 2072 596 2131 docent
617 2072 713 2144 (velut
728 2072 918 2134 Parmenides
939 2075 977 2134 de
991 2076 1137 2135 Heraclito
1152 2076 1318 2152 antiquiore

159 2190 220 2244 ‚see
244 2173 463 2251 Bemaysium).
507 2173 629 2231 Librum
656 2175 693 2232 de
719 2175 814 2248 poetis
842 2184 872 2236 et
898 2177 1039 2251 sophistis
1062 2178 1189 2237 Damasti
1216 2179 1318 2238 tribuit

159 2293 240 2336 unus
266 2277 374 2336 Suidas
401 2289 501 2334 errore
529 2274 593 2333 sine
616 2275 715 2334 dubio.
753 2277 935 2338 Democritea
958 2278 1071 2338 musica
1092 2280 1128 2340 eh
1152 2279 1217 2355 ipso
1239 2288 1319 2340 certe

159 2379 194 2438 ll.
217 2379 321 2438 aliena.
366 2379 441 2437 Sunt
463 2376 552 2452 igitur
572 2379 758 2438 coniecturae
780 2379 1017 2456 coniecturisque
1039 2383 1172 2441 nituntur
1193 2381 1319 2440 Alexan·

159 2480 315 2538 drinorum
347 2479 461 2538 numeri
500 2480 552 2552 (cl.
581 2481 696 2541 clinton
719 2483 749 2540 F.
769 2482 802 2539 ll.
831 2499 859 2556 p.
879 2483 929 2556 ΙΙ.)
973 2492 1061 2558 atque
1094 2483 1211 2542 delendi
1250 2491 1320 2543 sunt

160 2597 267 2641 omnes
288 2582 336 2640 isti
360 2581 565 2663 Olympiadem
588 2583 703 2642 numeri
725 2587 755 2642 in
777 2600 900 2658 quorum
916 2585 1024 2644 scriem
1039 2585 1219 2660 grammatici
1235 2584 1318 2659 epica

160 2683 292 2742 corudno
313 2684 417 2742 ordine
439 2699 472 2742 se
495 2683 669 2759 excipientie
691 2701 728 2744 ex
749 2685 814 2760 ipso
836 2701 938 2758 eurum
961 2694 1066 2746 natura
1080 2687 1234 2762 pretioque
1249 2702 1320 2746 cou-
1378 2743 1381 2748 Α

162 2787 245 2845 cluso
268 2786 447 2858 inserebant,
470 2786 651 2860 antiquitatis
678 2787 776 2846 studio
804 2787 883 2846 ducti
906 2797 936 2847 et
957 2789 1083 2861 quadam
1105 2788 1194 2847 etiam
1214 2788 1319 2846 berbe-

162 2903 263 2946 rorum
286 2888 491 2961 aemulatione,
513 2889 594 2947 velut
615 2887 822 2962 Aegyptiorum
845 2903 970 2963 quorum
994 2890 1139 2962 stupende
1161 2888 1319 2962 antiquitas

161 2989 383 3065 sapientiaeque
405 2991 481 3050 tama
503 2988 759 3064 grammaticorum
782 2990 907 3050 Graecas
930 2990 1041 3050 litteras
1056 2991 1210 3050 doctorum
1229 3006 1320 3064 opera

161 3093 280 3152 invente
302 3093 382 3152 etin
404 3107 549 3152 annorum
573 3099 670 3150 cemos
692 3084 833 3150 numeros
856 3095 974 3152 redacte
988 3099 1066 3152 certe
1080 3107 1178 3166 neque
1193 3090 1317 3151 Alexan-

161 3193 315 3252 drinorum
336 3194 515 3253 testimoniis
536 3193 677 3268 (Lepsios
701 3193 897 3268 Girronologie
913 3196 933 3266 l,
949 3213 978 3269 p.
994 3192 1037 3255 38
1048 3210 1113 3269 sqq.
1129 3194 1181 3254 tt.
1197 3191 1239 3254 45
1251 3211 1317 3269 sqq.

163 3291 206 3355 55
223 3297 304 3369 sqq.)
349 3311 447 3370 neque
484 3304 667 3356 mortuorum
704 3294 787 3355 libris
825 3297 1039 3370 sepulcralihus
1077 3297 1163 3370 (ibid.
1190 3293 1242 3358 38.
1266 3294 1317 3358 50.

162 3395 205 3458 52
221 3413 285 3472 sqq.
302 3405 356 3456 eto.
380 3399 416 3456 ol.
439 3399 608 3458 Tolenhueh
632 3399 725 3456 Verri.
750 3415 778 3472 p.
795 3396 852 3472 tr)
889 3414 987 3472 neque
1013 3400 1131 3457 demum
1158 3414 1194 3458 ex
1220 3399 1320 3458 blane-

162 3502 254 3559 thone
277 3501 430 3574 (Lepap.
446 3498 510 3562 250
522 3517 566 3575 sq.
591 3497 653 3560 500
665 3501 747 3574 sqq.)
769 3501 918 3574 probatur.
958 3500 1030 3558 Huic
1051 3501 1138 3574 plane
1153 3499 1258 3558 similis
1274 3509 1320 3560 est

161 3603 302 3661 indorum
324 3602 515 3676 chronologia
538 3603 574 3660 de
596 3617 722 3675 quorum
745 3601 925 3660 carnrinihus
947 3600 1038 3674 epicis
1054 3602 1318 3661 secundnmledos

161 3705 239 3764 sicut
261 3703 413 3763 Homerica
440 3702 649 3762 vetustissimis
676 3719 756 3762 nune
784 3704 902 3761 demum
930 3702 1022 3761 libero
1050 3717 1182 3776 sanoque
1208 3702 1318 3762 iudicio

161 3805 196 3864 Α.
219 3805 328 3889 Weber
350 3804 496 3863 iudicarit.
540 3806 626 3878 lipiaa
650 3805 728 3864 enim
750 3805 851 3879 poesis
874 3805 913 3863 ito
934 3812 1047 3864 tontum
1067 3805 1163 3878 prima
1185 3813 1232 3864 eet
1247 3821 1319 3879 quo·

162 3915 252 3965 tenus
285 3905 464 3964 conninihus
498 3913 651 3966 centorum
684 3906 869 3981 popularium
903 3914 936 3965 ut
960 3908 1085 3966 rudibus
1111 3907 1151 3966 ita
1177 3907 1318 3966 brevibus

162 4009 344 4068 continetur:
373 4024 433 4081 quo
456 4008 574 4082 quidem
597 4009 694 4083 priseo
722 4017 854 4082 tempore
880 4023 998 4068 carmen
1027 4009 1151 4083 lyricum
1173 4009 1251 4067 idem
1274 4015 1320 4068 est

162 4110 295 4184 epicum,
333 4117 421 4183 atquo
448 4110 546 4168 omnio
572 4110 674 4185 poesis
700 4111 730 4168 id
758 4117 804 4169 est
833 4110 1008 4168 narrationis
1041 4110 1178 4169 metricae
1210 4122 1319 4182 genere

163 4211 322 4270 indisereta
350 4210 391 4269 ita
417 4220 449 4270 ut
475 4211 556 4288 lyrici
584 4220 613 4271 et
639 4211 788 4271 dramatici
821 4210 959 4270 camninis
992 4211 1086 4270 vicem
1112 4217 1193 4286 gerat
1219 4224 1319 4268 rerum
1359 4223 1361 4228 ’
1398 4271 1402 4278 ,

162 4321 315 4386 gesturum
336 4312 424 4372 tacite
446 4315 589 4386 quaedam
612 4313 764 4372 admiratio
787 4313 852 4387 ipso
873 4313 966 4386 magis
993 4313 1135 4372 laetorum
1158 4309 1320 4384 granditate

163 4414 329 4488 significata
357 4431 445 4488 quarn
471 4416 618 4476 namando
646 4430 787 4488 expressa
810 4415 1034 4474 etcenentium
1056 4412 1154 4472 brevis
1178 4412 1321 4487 quaedam

1078 4513 1121 4571 2*
