3024 5162
691 326 753 388 231

143 493 179 544 ut
201 486 264 560 ipsa
285 505 334 554 res
356 497 486 568 postulat
507 495 590 570 prius
612 505 714 558 auctor
741 500 777 560 de
801 501 960 560 mutatione
987 511 1148 576 spontanea
1169 516 1244 575 quae
1267 502 1297 560 in

125 589 248 684 'avibus
271 595 367 654 evenit
389 597 470 656 vocis
493 606 522 658 et
542 599 649 658 coloris
674 604 837 661 secundum
865 611 943 662 certa
964 603 1034 662 anni
1055 611 1187 678 tempora
1209 619 1296 677 quam

139 693 181 752 de
203 710 237 754 ea
259 709 334 769 quae
356 706 476 772 propter
498 701 702 760 castrationem
725 703 900 764 animalibus
922 706 1098 779 quibusdam
1121 705 1233 778 accidit,
1257 693 1296 765 οὐ

138 783 245 870 μόνον
266 791 350 859 κατὰ
371 793 431 874 τὰς
453 790 585 882 ἡλικίας
606 799 743 878 καὶτὰς
765 798 853 889 ὥρας
875 807 999 881 (quibus
1020 808 1118 867 verbis
1141 809 1177 868 ad
1193 805 1294 866 etim

138 897 231 958 Belrlr.
254 902 374 976 respicit
395 911 542 978 tamquam
565 909 755 980 praecedens,
780 910 814 966 cl.
833 907 919 969 6321>
936 909 977 970 tt
993 918 1023 969 et
1037 907 1124 970 balb
1140 909 1208 981 20).

225 1002 288 1064 Jam
322 1021 391 1064 vero
427 1008 601 1082 scripturum
629 1009 870 1069 Aristoteleorum
903 1014 1003 1072 orbem
1031 1030 1047 1071 a
1074 1010 1190 1085 Topicis
1224 1009 1294 1068 inde

136 1103 235 1176 primo
268 1122 358 1179 opere
384 1125 480 1182 usque
513 1111 548 1168 ad
576 1110 683 1170 librum
709 1112 745 1170 de
768 1111 936 1172 animalium
970 1114 1157 1188 generatione
1180 1112 1209 1171 iu
1233 1125 1292 1185 quo

137 1213 233 1265 morte
256 1207 413 1282 impeditus
436 1211 565 1270 substitit
588 1213 672 1284 (sunt
694 1214 770 1272 enirn
795 1215 879 1288 quasi
903 1215 1003 1274 ultima
1024 1215 1113 1274 verba
1128 1212 1292 1274 Aristotelis

134 1308 226 1368 verba
248 1309 348 1369 ultima
371 1311 464 1386 quinti
491 1307 528 1372 de
551 1315 753 1388 generatione)
788 1331 910 1376 emenso
943 1317 1077 1394 apparuit
1103 1324 1132 1377 et
1159 1315 1290 1376 omnium

134 1410 278 1470 librorum
307 1428 402 1472 nexus
427 1415 576 1488 perlectus
603 1426 739 1490 certoque
766 1418 931 1477 studiorum
958 1419 1070 1478 ratione
1097 1435 1114 1477 a
1136 1416 1290 1478 rhetoricis

134 1518 166 1571 et
186 1513 314 1586 politicis
346 1515 382 1574 ad
409 1517 607 1592 metaphysica
634 1525 663 1576 et
688 1517 809 1592 physica
835 1521 999 1594 procedens
1026 1527 1056 1580 ct
1081 1519 1154 1578 mira
1178 1519 1289 1594 ingenii

134 1629 203 1672 cum
226 1614 326 1688 vigore
349 1616 467 1674 ubertas
489 1624 532 1676 tot
552 1625 690 1691 tantaque
711 1627 830 1694 tamque
845 1622 1128 1681 etvariaeetnovae
1141 1619 1289 1680 doctrinae

134 1731 225 1788 opero
246 1716 421 1778 brevissimo
445 1718 470 1776 si
493 1718 625 1792 ipsorum
643 1735 794 1794 comparas
807 1723 1029 1797 amplitudinem
1041 1723 1182 1797 temporis
1194 1721 1288 1795 spatio

135 1817 295 1890 illudentis,
320 1821 408 1880 totius
431 1828 579 1880 anteactae
606 1821 681 1881 vitae
709 1823 815 1882 studiis
838 1839 891 1898 per
912 1841 1005 1882 annos
1028 1824 1075 1882 vix
1097 1825 1198 1898 viginti
1221 1824 1289 1882 ulti·

135 1920 264 1992 mos(c.
288 1919 590 1995 01.110-114,3)
617 1923 778 1982 litterarum
805 1925 966 1984 aeternitati
992 1925 1121 1998 traditis;
1155 1925 1300 2000 apparuit

136 2026 166 2078 et
188 2019 279 2094 ipsius
303 2024 452 2083 doctrinae
474 2031 553 2082 certa
575 2024 690 2099 sibique
713 2041 831 2100 semper
853 2027 957 2086 similis
980 2034 1009 2087 et
1031 2034 1170 2086 constans
1186 2034 1287 2086 aucto·

91 2143 101 2154 ·
133 2121 205 2180 ritas
228 2122 277 2180 diu
299 2123 356 2184 iam
379 2133 573 2199 anteaquam
596 2128 726 2186 scribere
749 2129 957 2202 coepitmcnte
972 2129 1081 2200 linitae,
1104 2129 1143 2188 ita
1154 2135 1187 2187 ut
1198 2143 1286 2202 quam

133 2224 216 2284 uihili
239 2224 277 2283 sit
298 2226 419 2300 Gruppii
442 2227 557 2299 (Kosm.
574 2236 645 2302 syst.
662 2246 690 2302 p.
704 2227 744 2289 16
757 2231 818 2304 sq.)
841 2229 940 2303 opinio
963 2245 1062 2288 veram
1083 2229 1286 2304 philosophiae

130 2326 332 2388 Aristotelicae
354 2335 383 2387 et
405 2328 570 2388 Platonicae
592 2364 633 2372 --
646 2331 753 2390 etenim
777 2347 815 2388 ne
838 2332 874 2390 de
896 2331 1287 2405 Platouequidemvalct—

130 2429 284 2490 historiam
310 2432 442 2490 nondum
470 2447 538 2490 esse
561 2440 706 2491 narratam
730 2432 878 2490 censentis
901 2433 987 2504 plane
1009 2439 1119 2505 pateat;
1152 2431 1286 2504 apparuit

129 2533 259 2607 denique
286 2533 358 2592 ratio
381 2533 547 2592 Aristotelis
574 2532 723 2592 immutata
751 2548 785 2592 ea
812 2540 845 2591 ut
865 2531 995 2590 theoriae
1023 2547 1112 2590 causa
1135 2538 1285 2589 atrorum

128 2629 249 2694 naturae
276 2633 458 2708 indagandae
492 2635 631 2694 scientiae
663 2633 809 2707 cuiusque
836 2634 937 2692 orbem
966 2631 1095 2706 exeeptis
1122 2649 1198 2706 quae
1224 2648 1285 2692 uon

128 2744 199 2796 sunt
232 2751 329 2794 rerum
362 2735 575 2794 mathematicis
610 2735 722 2794 emetiri
756 2749 966 2808 emensumque
999 2735 1087 2794 unius
1121 2732 1187 2792 libri
1214 2733 1285 2794 orbe

128 2854 277 2912 exponere
299 2837 433 2910 voluerit,
457 2853 516 2894 non
540 2837 670 2910 singulas
693 2851 740 2896 res
761 2853 815 2911 per
837 2853 870 2895 se
893 2838 972 2896 solas
994 2836 1124 2910 undique
1147 2835 1284 2910 colligere

128 2940 222 3000 solius
252 2939 425 2998 eruditionis
453 2938 536 3011 quasi
564 2939 682 3011 quidam
711 2939 875 3015 polyhistor
901 2937 1092 3009 delectatione
1119 2947 1283 2997 commotus

127 3049 216 3116 atque
237 3041 418 3111 curiositate,
442 3055 500 3098 uon
524 3038 639 3114 singula
661 3059 760 3101 rerum
787 3040 880 3113 capita
906 3039 1012 3100 libellis
1034 3039 1231 3114 peculiaribus
1254 3048 1283 3100 et

127 3144 298 3204 historicam
330 3143 471 3202 rationem
506 3158 605 3200 rerum
638 3141 856 3216 particularium
884 3158 954 3200 cura
980 3142 1283 3217 appropinquantibus

128 3246 287 3320 explicare,
315 3253 347 3304 ut
372 3245 461 3318 igitur
486 3244 654 3303 universam
680 3259 797 3318 semper
824 3242 1009 3317 disciplinam
1031 3245 1282 3319 comprehendere

126 3348 246 3419 nitatur,
269 3345 463 3421 polymathiae
486 3362 562 3419 quac
589 3348 666 3421 apud
689 3346 851 3421 discipulos
873 3347 989 3420 vigebat
1011 3346 1165 3406 deficiente
1187 3345 1282 3420 philo-

127 3450 233 3524 sophia
254 3465 314 3510 nou
335 3463 435 3508 rerum
457 3448 550 3521 copia,
573 3447 637 3506 eius
660 3448 724 3521 ipsa
746 3447 911 3508 studiorum
934 3455 962 3505 et
983 3448 1122 3508 methodo
1138 3448 1281 3521 etampli-

127 3553 229 3612 tudine
251 3557 352 3610 auctor
374 3549 492 3626 quidem
515 3565 575 3608 nou
596 3565 666 3608 vero
689 3552 864 3626 exemplum.
897 3549 1146 3608 Etdcmcnstrata
1162 3549 1281 3622 quidem

126 3658 200 3716 haee
228 3659 298 3712 sunt
325 3651 428 3710 ordine
455 3651 597 3711 librorum
623 3652 830 3727 chronologico
859 3667 893 3712 ex
918 3650 990 3724 ipsis
1013 3651 1177 3710 Aristotelis
1198 3650 1281 3710 testi·

126 3755 235 3816 mohiis
257 3755 414 3826 declarato,
438 3753 487 3827 qui
512 3761 543 3812 ut
565 3752 622 3812 sibi
644 3762 785 3828 congruat
807 3770 903 3828 neque
930 3755 1186 3828 interpolationum
1209 3755 1281 3812 odo-

126 3855 240 3918 ratiane
274 3871 348 3929 opus
375 3855 429 3916 luit
455 3869 552 3929 neque
585 3856 745 3914 lectionum
767 3856 901 3916 codicum
924 3872 1073 3916 consensu
1094 3864 1222 3916 tutatum
1244 3871 1281 3914 ex

127 3957 268 4034 opinione
301 3964 456 4032 praecepta
484 3957 679 4030 correctione,
712 3957 770 4016 nisi
798 3958 878 4031 quod
901 3959 993 4018 solius
1017 3957 1280 4033 Metaphysicurum

125 4059 195 4120 libri
228 4061 312 4118 locus
340 4059 458 4120 disertis
492 4060 586 4134 ipsius
613 4059 741 4118 auctoris
773 4058 871 4118 verbis
897 4075 956 4118 non
985 4061 1081 4136 potuit
1105 4059 1279 4120 confirmari.

127 4165 281 4222 Praeterea
303 4169 400 4220 autem
422 4164 477 4250 hac
500 4162 602 4220 eadcm
619 4161 730 4222 ratione
742 4170 829 4236 atque
842 4163 897 4220 hoc
910 4162 974 4237 ipso
986 4163 1151 4222 Aristotelis
1163 4177 1281 4236 quoque

126 4266 262 4338 exemplo
285 4297 326 4306 -—
348 4264 449 4339 spuria
470 4263 548 4320 enim
575 4270 644 4321 suut
669 4279 861 4339 quaecuuque
883 4265 995 4339 perdita
1018 4266 1191 4337 creduntur,
1219 4280 1281 4324 om-

127 4368 217 4428 nibus
238 4366 404 4426 Aristotelis
428 4365 567 4440 operibus
596 4364 687 4438 (sicut
709 4368 837 4430 Platonis
861 4369 963 4441 etiam)
990 4375 1105 4440 praeter
1127 4367 1190 4428 sola
1211 4367 1282 4428 Pro-
