3024 5162
824 346 887 410 118

279 528 316 586 da
338 541 427 586 eausa
449 525 516 599 quia
539 521 612 583 nihil
634 521 671 583 de
693 521 751 580 illis
774 520 865 580 rebus
893 518 956 591 ipse
979 514 1137 589 scripserat
1158 511 1311 586 magister,
1339 509 1425 570 Theo-

277 627 389 703 phrasti
420 625 486 688 libri
521 625 558 684 de
583 622 691 698 plantis
725 630 755 682 et
779 619 927 696 lapidibus
959 618 1011 692 qui
1044 616 1194 679 doetrinae
1224 611 1426 686 Peripateticae

277 731 409 799 lacunam
437 731 512 792 hauc
533 731 611 787 mata
634 723 783 798 diligentia
804 720 899 794 magis
922 735 1009 796 quam
1032 717 1152 792 iugenio
1173 715 1286 790 primus
1306 713 1428 790 explevit

277 830 456 906 arogno-cn
477 829 556 906 apud
579 833 715 902 posteros
738 824 798 884 sint
818 825 935 886 laudem
957 821 1069 896 adepti,
1097 827 1198 881 eontra
1221 817 1347 892 neglecti
1368 831 1428 891 per

279 933 390 1008 doque
418 930 548 1005 exceptis
577 937 675 992 nmen
708 925 815 986 libellis
843 925 900 986 illis
935 932 1048 998 septem
1076 921 1275 996 singularibus
1301 920 1427 982 eiusdem

235 1027 237 1031 ⁴
277 1033 344 1093 libri
367 1034 403 1094 de
426 1032 603 1100 animalibus
625 1027 673 1106 (ol.
696 1029 747 1088 Th
771 1029 807 1088 de
830 1043 910 1092 caua.
934 1027 973 1100 pl.
987 1023 1016 1098 5,
1029 1021 1124 1098 6,13)
1153 1023 1263 1097 quibus
1289 1022 1352 1083 soil.
1374 1037 1426 1081 non

277 1135 335 1208 uisi
357 1135 527 1208 paraphrasi
550 1129 715 1197 Aristotelis
744 1129 836 1188 libros
859 1135 1047 1202 excerpserat
1069 1124 1114 1204 (ll.
1128 1127 1161 1186 1..
1178 1123 1207 1197 5,
1220 1123 1285 1200 49).
1330 1123 1427 1198 Seripti

278 1244 349 1306 sunt
370 1235 563 1310 Theophrasti
584 1233 652 1294 libri
676 1233 712 1292 do
735 1230 861 1294 metallis
883 1239 912 1290 et
934 1232 971 1290 de
992 1230 1139 1304 lapidibus
1160 1227 1284 1293 Atbenis
1295 1233 1426 1301 regnante

278 1339 436 1399 Praxibulo
463 1338 482 1396 l.
506 1352 532 1396 e.
557 1335 601 1396 Ol.
619 1333 730 1408 11112
763 1330 811 1411 (oi
834 1335 885 1394 Th.
909 1335 947 1392 de
969 1334 1025 1408 lap.
1043 1329 1093 1392 59.
1120 1330 1194 1392 Plio.
1211 1325 1263 1403 33,
1279 1326 1334 1408 37)
1368 1336 1425 1388 ante

280 1455 369 1512 quarn
390 1441 457 1501 libri
480 1441 517 1498 de
538 1438 647 1512 plantis
670 1437 719 1510 qui
743 1421 811 1510 post
833 1433 994 1508 01.118,t
1017 1432 1067 1511 (cl.
1091 1435 1142 1495 Tb.
1166 1434 1233 1494 bist
1257 1433 1297 1508 pl.
1314 1433 1344 1504 l,
1361 1429 1391 1504 3,
1401 1430 1424 1490 2.

280 1539 447 1610 Schneider
458 1542 490 1599 T.
503 1540 539 1600 lV
557 1556 587 1614 p.
606 1535 668 1599 585
681 1533 750 1614 sm).
794 1534 959 1599 Aristotelis
991 1544 1090 1600 numm
1122 1535 1242 1596 omnino
1276 1550 1335 1596 nou
1367 1533 1425 1594 leui

280 1639 382 1700 dicunt
408 1640 517 1708 librum
544 1642 581 1702 de
608 1641 719 1702 morbis
741 1639 822 1701 Alex.
846 1639 883 1696 de
906 1655 998 1700 seusu
1020 1639 1039 1697 l.
1057 1637 1108 1711 94,
1137 1637 1242 1698 librum
1271 1639 1307 1697 de
1329 1637 1425 1712 plantis

280 1741 361 1802 Alex.
391 1741 460 1799 ibid.
485 1739 586 1803 1109
603 1741 750 1821 (Spengel
771 1759 800 1815 p.
819 1737 894 1820 157)
928 1749 958 1801 et
984 1742 1092 1816 ephes.
1127 1741 1164 1800 da
1196 1739 1255 1804 vita
1288 1747 1316 1802 et
1343 1747 1425 1802 morte

282 1843 301 1902 l.
319 1841 417 1916 lton,
451 1843 560 1905 librum
588 1846 624 1906 de
651 1843 799 1919 lapidibus
826 1849 856 1900 et
877 1842 1002 1904 metallis
1026 1843 1224 1919 olympicum.
1259 1843 1296 1900 ad
1318 1843 1423 1902 lletcor.

279 1960 326 2017 ap.
349 1945 443 2007 ldeler
464 1947 522 2004 tll
545 1962 574 2019 p.
587 1943 651 2006 162
678 1933 1422 2031 (orini'ypcmedd-sc.or.ptan.5319.-

282 2038 362 2115 ὅσον
384 2038 472 2130 ἡμᾶς
493 2039 742 2125 coinanimari
770 2035 864 2130 ἡμῶν
890 2037 1026 2110 εἰδέναι·
1054 2037 1073 2111 ὁ
1095 2041 1212 2126 μέντοι
1232 2035 1350 2113 τούτου
1368 2065 1423 2124 μα-

280 2142 389 2230 θηῖῆς
412 2137 633 2231 Θεόφραστος
654 2156 708 2210 etc.
731 2149 767 2208 cl.
790 2149 930 2212 Alexand.
954 2149 1049 2228 ibid),
1076 2151 1209 2224 quamvis
1232 2149 1281 2210 uhi
1305 2152 1341 2208 de
1361 2149 1422 2208 diri-

282 2250 369 2310 sione
390 2257 484 2323 agunt
503 2250 646 2318 librorum
659 2249 866 2324 doctrinaeque
878 2252 1041 2315 Aristotelis
1052 2255 1127 2334 tales
1139 2269 1228 2326 saepe
1240 2254 1277 2311 de
1288 2251 1421 2326 lapidibus

282 2350 378 2422 deque
400 2350 507 2423 plancta
528 2352 623 2412 libros
644 2361 752 2416 auten
772 2354 941 2414 coniectura
956 2363 1075 2416 sumant
1086 2361 1330 2418 commentatores
1339 2355 1421 2430 ipsius

281 2451 371 2522 verbe
393 2452 487 2512 seculi
510 2449 559 2528 (de
572 2461 699 2529 utroque
710 2456 784 2516 libro
797 2457 834 2516 el.
847 2457 949 2531 Simpl.
962 2457 992 2518 iu
1003 2457 1090 2532 Phys,
1104 2457 1123 2516 l.
1135 2455 1187 2522 in.
1210 2457 1358 2532 Philopou.
1370 2458 1396 2522 iu
1405 2457 1420 2514 l.

281 2555 319 2620 de
345 2569 412 2628 geu.
446 2561 477 2615 et
501 2569 575 2615 corr.
603 2556 693 2630 praei.
728 2558 900 2620 Damascius
926 2560 1059 2634 Prolegp
1083 2561 1102 2620 l.
1130 2561 1167 2620 de
1189 2561 1273 2620 eoelo
1297 2562 1359 2623 acu.
1378 2561 1419 2618 Br.

279 2651 417 2738 Abhzb
431 2654 472 2718 29
495 2657 545 2717 ubi
565 2659 638 2720 baec
671 2653 729 2722 καὶ
748 2653 865 2738 μέντοι
893 2656 950 2725 καὶ
978 2656 1058 2743 περὶ
1079 2649 1194 2746 peroio
1211 2651 1422 2746 Ἀριστοτέλει

280 2751 475 2843 γέγραπται.
503 2759 540 2818 de
567 2759 586 2818 l.
616 2761 652 2824 de
677 2762 785 2835 plantis
819 2762 855 2820 el.
877 2763 969 2852 perid
995 2763 1026 2822 in
1049 2764 1166 2840 Categg.
1184 2765 1235 2840 24,
1252 2764 1295 2828 et
1310 2767 1363 2837 Ba,
1387 2765 1418 2822 de

280 2863 406 2926 metallis
429 2861 595 2937 olpapiod.
619 2861 649 2923 iu
671 2865 790 2928 lleteor.
815 2865 904 2938 praec
928 2879 974 2939 ap.
986 2866 1091 2943 ldlp.
1104 2865 1166 2930 133
1178 2862 1249 2951 ate.)
1271 2877 1321 2932 aut
1340 2867 1419 2941 raspi-

280 2961 394 3022 eieutes
416 2962 609 3037 Theophrasti
630 2962 723 3025 libros
746 2981 858 3041 eosque
873 2983 949 3041 quos
960 2967 1035 3029 alius
1049 2969 1176 3031 audonis
1192 2985 1260 3030 esse
1276 2970 1419 3034 accuratior

279 3063 373 3130 voluit
398 3064 501 3130 notitia
533 3071 758 3140 ceterorumque
790 3076 923 3131 veterum
957 3070 1131 3144 scriptorum
1158 3073 1319 3146 neglectus.
1358 3073 1418 3132 Nom

280 3166 349 3230 leot
374 3165 489 3227 indices
513 3166 657 3228 librorum
684 3166 934 3234 Aristotelicorum
962 3187 1066 3232 omnes
1093 3180 1122 3230 et
1149 3174 1287 3248 Diogenis
1313 3183 1340 3236 et
1362 3175 1418 3234 ite

279 3267 385 3332 lernaei
408 3263 560 3341 (Wemtob
571 3263 644 3333 154.
667 3268 973 3354 deosculatam)
996 3282 1025 3336 et
1046 3275 1183 3350 hesychii
1205 3277 1298 3340 libros
1317 3279 1353 3338 de
1367 3289 1417 3334 ma

279 3368 376 3436 detra
396 3368 525 3435 reiorum
546 3401 588 3412 --
610 3377 640 3429 et
662 3387 734 3432 saue
756 3374 861 3434 medici
890 3379 997 3440 lamam
1018 3376 1158 3439 habuisse
1184 3393 1239 3452 par
1260 3387 1306 3443 est
1326 3375 1415 3438 medici

278 3469 371 3536 alium
394 3467 442 3548 (ci.
466 3470 576 3531 Aelian.
594 3489 621 3532 v.
638 3473 666 3532 h.
686 3471 716 3547 5,
730 3471 758 3536 9.
777 3472 806 3547 9,
819 3474 926 3540 22ete.
950 3481 986 3540 ol.
1009 3479 1096 3544 etiam
1118 3480 1230 3541 medion
1253 3483 1417 3555 problemata

278 3587 354 3646 quoe
376 3573 543 3640 terebantur
564 3573 742 3654 Aristotelis)
766 3609 808 3618 —-
830 3578 897 3640 illos
918 3588 1016 3640 nmen
1038 3597 1076 3640 ne
1097 3588 1212 3642 veteres
1234 3583 1352 3656 quidem
1370 3578 1416 3640 cri-

276 3674 353 3738 ticos
365 3676 518 3748 ¹genuinos
540 3675 661 3744 dumsse
685 3677 814 3741 Galenus
831 3681 917 3742 docet
932 3697 1008 3756 opus
1024 3683 1097 3744 illud
1109 3685 1290 3748 collectionis
1301 3684 1416 3752 natiue

276 3764 420 3858 (hepati
441 3766 626 3860 συναγωγή)
655 3793 714 3852 quo
741 3780 780 3840 de
806 3784 986 3844 medicorum
1016 3786 1148 3860 priorum
1176 3783 1254 3868 (τῶν
1275 3781 1416 3855 παλαιῶν

276 3867 411 3960 ἰατρῶν)
434 3879 574 3945 oretanis
595 3881 785 3956 peripatetico
808 3901 891 3946 more
915 3894 943 3948 at
964 3887 1105 3948 historico
1120 3896 1334 3966 anemregerat
1347 3887 1415 3970 (inde

276 3983 397 4048 ductum
423 3981 537 4043 videtur
561 3981 726 4044 Aristotelis
756 3987 793 4046 de
821 3987 956 4054 Stratone
984 3989 1100 4053 medico
1128 3992 1330 4057 mennonium
1349 3990 1415 4067 apud

275 4083 352 4150 hh
367 4079 396 4157 b,
409 4081 462 4162 ol)
495 4085 531 4146 eh
558 4085 624 4149 aliis
651 4087 768 4152 Meneni
795 4088 959 4154 Aristotelis
993 4092 1139 4167 discipulo
1170 4095 1258 4158 tribui
1291 4109 1414 4159 asmrem

201 4244 214 4276 ,
275 4185 350 4262 (Gal,
366 4183 417 4260 15,
433 4185 474 4250 26
505 4187 540 4249 cl.
563 4188 707 4250 Plutarch.
732 4207 782 4264 qu.
806 4207 889 4254 conv.
906 4191 937 4268 8,
953 4193 983 4268 9,
1000 4193 1020 4256 3
1047 4187 1082 4258 ἐν
1102 4195 1174 4272 τοῖς
1192 4191 1413 4276 Μενωνείοις).

273 4287 330 4357 itui
353 4296 451 4352 autem
472 4291 621 4356 terebatur
640 4291 807 4354 Aristotelis
830 4296 866 4354 de
888 4297 995 4370 plantis
1017 4297 1093 4358 libor
1114 4296 1162 4376 (ol.
1185 4303 1414 4375 praeterlndioes

164 4472 169 4479 ῃ
270 4389 338 4450 illos
360 4398 420 4452 tres
442 4391 546 4455 Athen.
563 4391 605 4456 14
626 4412 655 4469 p.
672 4392 748 4472 652)
776 4395 854 4458 idem
881 4398 917 4457 ah
945 4399 1010 4462 aliis
1037 4415 1092 4462 nec
1113 4403 1208 4480 magis
1229 4415 1310 4470 recte
1330 4407 1414 4468 Theo-
