3072 5164
683 341 727 406 63

124 512 230 572 rubilia
252 519 298 592 est
320 511 395 572 libor
417 513 464 574 illc
487 527 582 572 nurus
603 512 688 584 (lieet
709 514 844 588 spurius)
867 529 884 572 a
905 529 953 573 mo
975 525 1055 574 nunc
1074 521 1209 588 repertus
1232 515 1281 589 qui

126 614 300 674 inscribitur
331 603 431 692 κόμαι
451 603 544 697 ἀνδρ.
567 634 595 673 τι
619 633 659 696 γ,
688 616 767 689 quoa
794 617 862 674 incle
894 616 1049 674 manifesto
1072 617 1207 690 exemplo
1230 616 1283 676 ‹lo-

125 732 231 776 cemur
256 714 329 790 quid
356 732 392 776 ex
417 718 525 776 octaris
546 733 666 791 quoqne
691 717 751 776 illis
778 717 878 777 multis
905 717 1070 776 Aristotelis
1096 717 1179 776 libris
1206 733 1282 791 quos

125 821 231 894 lugam
252 808 421 891 deperditos
443 819 647 892 philosophiae
670 819 734 877 eius
757 819 920 880 accessisse
942 817 1108 891 credamus,
1130 818 1203 877 nibil
1223 819 1283 880 sci-

124 920 205 982 licet.
249 918 384 980 Attamen
406 920 432 984 si
453 935 513 980 non
536 927 656 994 propter
678 919 847 993 dignitatem
868 919 1116 994 philosophicam,
1146 935 1181 980 eo
1204 928 1283 980 certe

124 1031 157 1084 et
178 1021 227 1083 bic
249 1021 367 1081 libellus
389 1031 419 1082 et
440 1021 738 1097 Pseudopytbagorici
760 1021 802 1080 illi
823 1023 901 1081 lectu
917 1021 989 1082 satis
1003 1020 1085 1094 digni
1098 1027 1179 1093 sunt,
1201 1023 1282 1095 quod

124 1127 165 1186 iis
187 1123 375 1200 potissimum
396 1124 554 1184 mulierum
575 1123 774 1182 conditionem
796 1122 992 1197 virtutemque
1015 1121 1110 1196 qualis
1132 1123 1281 1196 crotoputl

124 1228 257 1287 Graecos
279 1225 310 1284 iu
333 1227 483 1286 doctrinae
505 1225 691 1300 exemplique
714 1224 843 1298 speeiem
865 1226 901 1283 ab
916 1225 991 1298 ipsis
1006 1223 1125 1284 Graecis
1136 1225 1281 1283 redactam

126 1328 264 1404 legimus.
628 1343 632 1350 ‘

204 1429 344 1490 Politicis
366 1428 413 1488 bis
435 1434 465 1487 et
487 1427 634 1488 historicis
663 1445 699 1488 eu
722 1430 826 1489 codem
851 1427 1059 1488 collectionem
1079 1439 1189 1500 gencrc
1210 1426 1283 1484 adii-

126 1531 233 1592 cienda
255 1539 325 1590 suut
345 1547 423 1606 quac
444 1531 481 1592 ad
503 1530 657 1606 physicum
680 1532 806 1590 maximo
828 1537 1031 1604 argumentum
1053 1527 1200 1603 pertinent
1214 1545 1282 1602 pro-

125 1635 289 1694 blematum
316 1633 507 1692 collectiones
537 1633 639 1706 plures
669 1663 712 1674 -·-
738 1634 829 1692 multa
859 1631 937 1690 euin
962 1645 1039 1704 quae
1065 1647 1145 1691 nuuc
1170 1630 1283 1705 perdita

126 1736 310 1812 problemata
333 1734 460 1794 citantur
480 1765 522 1776 —-
543 1734 625 1792 velut
647 1751 723 1807 quae
745 1742 861 1810 praeter
874 1739 990 1792 servata
1005 1730 1042 1792 do
1057 1733 1165 1806 quibus
1180 1733 1283 1792 rectis-

124 1838 237 1900 simum
257 1837 316 1896 iam
339 1837 393 1896 luit
414 1833 532 1894 Henmci
554 1835 694 1908 Stephani
717 1837 856 1896 iudicium
880 1836 956 1908 (sae.
979 1834 1115 1909 Splbnrg.
1138 1835 1228 1907 prael.
1251 1832 1282 1892 in

125 1939 290 2012 Prohlcm.)
310 1934 355 1998 38
376 1936 459 1997 libris
481 1936 595 2010 digesta
617 1937 705 2009 (hacc
727 1936 804 1996 anim
828 1943 898 1995 sunt
918 1937 955 1994 dc
970 1934 1079 2008 ombus
1093 1934 1177 1992 multi
1190 1935 1283 1994 mtilta

126 2039 262 2101 bariolati
284 2048 353 2099 sunt
375 2039 514 2113 Diogenis
535 2035 619 2112 -5‚
632 2037 673 2098 26
688 2039 725 2097 cl.
737 2030 1045 2124 Αα.-111ιιφοσιιιὰ
1067 2051 1109 2096 sc.
1131 2025 1288 2120 προβλή·’

124 2161 219 2220 ματα
239 2133 323 2206 κατὰ
346 2140 508 2219 στοιχεῖον
534 2130 609 2222 λήί.
622 2147 787 2200 ceterorum
816 2139 895 2198 enim
916 2137 982 2198 bisi
1013 2145 1083 2197 stant
1104 2139 1219 2198 maneri
1241 2135 1284 2200 70

124 2263 155 2306 v.
172 2247 205 2306 ll.
228 2263 257 2320 p.
274 2241 324 2317 15,
339 2241 388 2305 28
406 2245 541 2303 liscbcm.
565 2242 627 2302 sire
650 2239 692 2302 68
713 2241 744 2300 in
764 2242 821 2300 ulio
836 2241 954 2314 codice)
981 2248 1174 2300 recensentur
1189 2241 1237 2314 (l).
1249 2241 1282 2300 l.

125 2351 146 2408 l.
165 2351 209 2422 c)
222 2377 226 2384 ·
240 2337 490 2424 ἑπιτιθιαμὲνα
515 2333 736 2427 προβλήματα
763 2343 817 2417 (ll)
844 2343 864 2400 i.
888 2357 914 2402 e.
941 2349 975 2401 ut
1001 2342 1106 2416 opinor
1133 2343 1229 2402 revisa
1254 2351 1284 2402 ct

126 2458 262 2510 comeatu
283 2445 448 2523 (Pollnxli,
464 2443 555 2519 115),
583 2461 643 2504 non
669 2461 739 2504 vero
766 2453 799 2505 ut
827 2445 912 2507 vertit
931 2444 980 2503 vit
1004 2444 1100 2502 Nnun.
1123 2459 1151 2517 p.
1169 2440 1209 2504 15
1232 2444 1284 2502 atl-

126 2552 273 2628 spectile,
300 2541 453 2632 ἐγκύκλια
478 2535 701 2631 προβλήματα
724 2549 778 2622 (ll)
806 2549 842 2606 de
869 2545 1091 2622 quaestiouibus
1113 2545 1284 2620 vulgaribus

126 2654 184 2728 „in
205 2659 431 2728 praeceptorum
451 2651 554 2710 usum”
576 2651 729 2724 (Dscbem.
752 2665 798 2724 ap.
822 2651 922 2708 Wanr.
938 2645 1016 2722 153)
1038 2649 1119 2706 unde
1132 2649 1284 2721 problema

126 2758 168 2818 tic
190 2755 366 2816 instrionum
382 2752 507 2814 ¹iufamia
529 2768 574 2825 ap.
599 2752 671 2811 Gall
687 2751 785 2823 20,4,
811 2743 974 2832 μηχανικὰ
996 2740 1219 2832 προβλήματα
1239 2751 1283 2824 (l)

125 2858 167 2923 ol.
190 2855 277 2916 Arist
301 2857 395 2916 mech.
410 2851 485 2926 847,
501 2850 629 2913 23-28
650 2869 727 2927 qnae
749 2853 779 2912 in
801 2855 897 2912 hoca
919 2850 1024 2910 ceteris
1046 2852 1189 2910 recedunt
1203 2851 1284 2924 quod

124 2969 159 3022 ct
186 2958 267 3021 brevi
293 2957 445 3033 prooemio
473 2957 616 3016 instructa
647 2963 676 3014 et
700 2953 831 3013 uberiori
857 2951 962 3028 parlim
987 2965 1125 3012 sermone
1152 2950 1285 3025 exposita

124 3067 212 3132 sunt,
234 3066 408 3134 argumento
429 3065 528 3118 mmen
550 3059 588 3116 ad
609 3056 819 3132 philosophum
840 3055 914 3114 nibil
941 3053 1065 3114 faciente
1087 3068 1181 3126 aeque
1202 3055 1284 3112 dam·

125 3169 253 3233 nabitu,
276 3151 499 3244 προβλήματα
520 3151 746 3242 Aptouchou
768 3159 792 3218 ll
819 3147 968 3236 (ἰατρικὰ
990 3143 1213 3238 προβλήματα
1234 3154 1283 3232 rit.

124 3267 228 3328 Nunc.
245 3261 296 3324 15.
320 3265 417 3324 Wcur.
434 3263 510 3337 154,
539 3265 576 3322 de
602 3263 711 3337 quibus
738 3263 839 3332 infra).
885 3257 927 3316 Cl.
951 3258 1169 3331 Theophrastus
1196 3257 1228 3314 b.
1250 3258 1283 3315 L.

126 3367 162 3442 5,
178 3363 229 3428 45.
274 3367 467 3426 Problematis
500 3366 613 3426 similes
645 3371 716 3424 sunt
741 3380 842 3424 rerum
868 3360 1030 3434 logicorum
1061 3361 1127 3418 illae
1154 3359 1184 3418 iu
1211 3373 1284 3417 usos

126 3470 301 3534 dialecticos
324 3465 373 3544 (cl.
389 3469 436 3528 Ar.
452 3471 524 3544 Top.
539 3465 612 3540 105,
628 3465 682 3544 21)
705 3483 743 3525 cx
763 3463 929 3524 Aristotelis
950 3461 1034 3520 libris
1056 3463 1148 3520 laetae
1169 3467 1285 3520 auctae-

128 3587 191 3650 que
217 3571 371 3650 ipsiusque
397 3570 496 3630 verbis
522 3569 605 3646 (lup.
622 3567 651 3642 1,
667 3565 718 3628 13.
734 3566 789 3645 14)
821 3563 961 3625 excitatae
994 3562 1184 3622 collectiones
1210 3575 1285 3634 ottae

127 3676 196 3738 sive
228 3665 345 3746 θέσεις
376 3672 578 3732 inscribuntur
604 3670 653 3749 (ci.
677 3672 725 3730 Aa.
749 3671 820 3744 Top.
841 3661 1025 3739 1,10--11)
1060 3665 1096 3722 de
1126 3663 1231 3722 ethicis
1257 3670 1286 3722 ct

128 3776 274 3854 politicis,
310 3777 347 3836 de
369 3774 501 3850 physicis
528 3783 558 3834 at
583 3774 686 3848 logicis
712 3778 833 3846 ααιιιιιοι
859 3768 905 3848 (D.
921 3767 953 3826 L.
970 3761 1000 3838 5,
1016 3763 1067 3824 24.
1090 3765 1127 3824 cl.
1150 3764 1232 3824 Alex.
1255 3765 1286 3824 in

128 3883 205 3953 Top.
228 3895 257 3952 p.
272 3875 342 3956 45),
362 3876 424 3936 sive
447 3877 528 3950 quod
549 3875 631 3934 idem
642 3875 706 3934 iere
717 3871 777 3951 (Ar.
793 3873 863 3945 Top.
880 3868 910 3943 1,
925 3870 955 3928 4.
972 3866 1089 3946 1014)
1104 3855 1287 3950 προτάσεις

129 3979 228 4058 (0.1.
244 3976 274 4051 5,
290 3977 342 4040 23.
358 3977 408 4038 24
432 3977 567 4036 Dschem.
591 3977 635 4034 W.
653 3973 714 4036 155
727 3992 772 4049 sq.
795 3975 832 4033 cl.
845 3973 991 4045 Theopbr.
1014 3971 1047 4029 b.
1064 3971 1095 4030 t.
1111 3968 1141 4044 5,
1153 3969 1207 4048 45)
1223 3972 1286 4032 sivo

129 4071 304 4154 ἐκστάσεις
326 4078 372 4158 (l).
387 4081 420 4138 L.
437 4076 467 4151 5,
483 4075 533 4139 23.
558 4079 593 4137 cl.
616 4079 687 4152 Top.
702 4077 732 4149 2,
748 4077 778 4136 2.
802 4073 874 4148 110,
890 4071 941 4134 11.
964 4069 1080 4146 Τομ8,
1094 4071 1145 4133 10.
1170 4072 1225 4130 λα.
1240 4089 1284 4148 pr.

130 4185 164 4260 2,
180 4181 232 4246 26.
255 4184 399 4260 Tbcopbr.
420 4182 453 4242 b.
474 4183 507 4240 L.
529 4177 559 4252 5,
579 4177 635 4258 43)
668 4187 699 4240 ct
731 4165 973 4258 ἐπιχειρήματα
1005 4171 1053 4251 (cl.
1077 4174 1110 4232 b.
1129 4176 1162 4234 L.
1183 4171 1213 4247 5,
1233 4175 1285 4233 24.

131 4287 270 4350 umnam.
296 4286 339 4344 W.
356 4280 428 4344 152.
442 4272 497 4346 -ἒν
522 4278 571 4364 τῷ
596 4272 740 4362 δευτέρῳ
764 4275 830 4340 τῶν
852 4273 999 4358 λογικῶν
1024 4265 1288 4358 ἐπιχειρημάτων

133 4388 182 4447 eit.
207 4387 361 4462 Philopou.
384 4386 465 4446 Anal.
490 4393 565 4458 post.
590 4381 665 4457 227,
678 4383 729 4442 ab.
754 4383 789 4441 cl.
813 4379 856 4442 18
877 4379 968 4438 libros
991 4377 1183 4451 Theophrasti
1205 4378 1238 4436 b.
1254 4380 1287 4438 L.
