<?xml version="1.0" encoding="UTF-8"?>
<!DOCTYPE html PUBLIC "-//W3C//DTD XHTML 1.0 Transitional//EN"
    "http://www.w3.org/TR/xhtml1/DTD/xhtml1-transitional.dtd">
<html xmlns="http://www.w3.org/1999/xhtml" xml:lang="en" lang="en">
 <head>
  <title>
</title>
<meta http-equiv="Content-Type" content="text/html;charset=utf-8" />
  <meta name='ocr-system' content='tesseract 3.04.00' />
  <meta name='ocr-capabilities' content='ocr_page ocr_carea ocr_par ocr_line ocrx_word'/>
</head>
<body>
  <div class='ocr_page' id='page_1' title='image "./dearistotelisli01rosegoog_0168.png"; bbox 0 0 3036 5164; ppageno 0'>
   <div class='ocr_carea' id='block_1_1' title="bbox 647 362 701 424">
    <p class='ocr_par' dir='ltr' id='par_1_1' title="bbox 647 362 701 424">
     <span class='ocr_line' id='line_1_1' title="bbox 647 362 701 424; baseline 0 -1"><span class='ocrx_word' id='word_1_1' title='bbox 647 362 701 424; x_wconf 85' lang='grc'><strong>1111</strong></span> 
     </span>
    </p>
   </div>
   <div class='ocr_carea' id='block_1_2' title="bbox 96 529 1280 4471">
    <p class='ocr_par' dir='ltr' id='par_1_2' title="bbox 96 529 1280 4471">
     <span class='ocr_line' id='line_1_2' title="bbox 99 529 1251 608; baseline 0.007 -20"><span class='ocrx_word' id='word_1_2' title='bbox 99 531 277 604; x_wconf 79' lang='grc'><strong>1111111(11</strong></span> <span class='ocrx_word' id='word_1_3' title='bbox 302 529 386 589; x_wconf 88' lang='lat' dir='ltr'><strong>ctiam</strong></span> <span class='ocrx_word' id='word_1_4' title='bbox 411 532 550 592; x_wconf 87' lang='lat' dir='ltr'><strong>ciusdem</strong></span> <span class='ocrx_word' id='word_1_5' title='bbox 566 530 644 608; x_wconf 86' lang='lat' dir='ltr'><strong>apud</strong></span> <span class='ocrx_word' id='word_1_6' title='bbox 668 534 837 594; x_wconf 73' lang='lat' dir='ltr'><strong>Ciceronem</strong></span> <span class='ocrx_word' id='word_1_7' title='bbox 861 533 1034 593; x_wconf 73' lang='lat' dir='ltr'>sententiam</span> <span class='ocrx_word' id='word_1_8' title='bbox 1053 535 1251 608; x_wconf 75' lang='lat' dir='ltr'>notissimam)</span> 
     </span>
     <span class='ocr_line' id='line_1_3' title="bbox 98 629 1252 708; baseline 0.006 -20"><span class='ocrx_word' id='word_1_9' title='bbox 98 629 149 702; x_wconf 84' lang='lat' dir='ltr'><strong>uui</strong></span> <span class='ocrx_word' id='word_1_10' title='bbox 174 632 247 690; x_wconf 89' lang='lat' dir='ltr'><strong>adeo</strong></span> <span class='ocrx_word' id='word_1_11' title='bbox 271 633 474 705; x_wconf 86' lang='lat' dir='ltr'><strong>quaestionem</strong></span> <span class='ocrx_word' id='word_1_12' title='bbox 497 651 560 694; x_wconf 85' lang='lat' dir='ltr'><strong>eam</strong></span> <span class='ocrx_word' id='word_1_13' title='bbox 583 642 681 694; x_wconf 85' lang='lat' dir='ltr'><strong>movet</strong></span> <span class='ocrx_word' id='word_1_14' title='bbox 707 638 743 694; x_wconf 92' lang='lat' dir='ltr'><strong>de</strong></span> <span class='ocrx_word' id='word_1_15' title='bbox 766 635 878 694; x_wconf 88' lang='lat' dir='ltr'><strong>ratione</strong></span> <span class='ocrx_word' id='word_1_16' title='bbox 906 649 980 708; x_wconf 87' lang='lat' dir='ltr'><strong>quoe</strong></span> <span class='ocrx_word' id='word_1_17' title='bbox 1007 635 1083 694; x_wconf 87' lang='lat' dir='ltr'><strong>inter</strong></span> <span class='ocrx_word' id='word_1_18' title='bbox 1110 637 1252 698; x_wconf 82' lang='lat' dir='ltr'><strong>unitatem</strong></span> 
     </span>
     <span class='ocr_line' id='line_1_4' title="bbox 98 733 1253 814; baseline 0.008 -25"><span class='ocrx_word' id='word_1_19' title='bbox 98 739 127 790; x_wconf 89' lang='lat' dir='ltr'><strong>et</strong></span> <span class='ocrx_word' id='word_1_20' title='bbox 148 733 344 806; x_wconf 75' lang='lat' dir='ltr'><strong>pluralitatem</strong></span> <span class='ocrx_word' id='word_1_21' title='bbox 367 752 521 795; x_wconf 88' lang='lat' dir='ltr'><strong>causarum</strong></span> <span class='ocrx_word' id='word_1_22' title='bbox 543 737 723 796; x_wconf 89' lang='lat' dir='ltr'><strong>moventium</strong></span> <span class='ocrx_word' id='word_1_23' title='bbox 745 733 949 814; x_wconf 71' lang='grc'><strong>(1310111.)</strong></span> <span class='ocrx_word' id='word_1_24' title='bbox 971 737 1101 810; x_wconf 78' lang='lat' dir='ltr'><strong>exsistat,</strong></span> <span class='ocrx_word' id='word_1_25' title='bbox 1129 738 1166 796; x_wconf 88' lang='lat' dir='ltr'><strong>ah</strong></span> <span class='ocrx_word' id='word_1_26' title='bbox 1188 739 1253 798; x_wconf 84' lang='lat' dir='ltr'><strong>dri·</strong></span> 
     </span>
     <span class='ocr_line' id='line_1_5' title="bbox 98 834 1252 910; baseline 0.008 -19"><span class='ocrx_word' id='word_1_27' title='bbox 98 834 204 892; x_wconf 89' lang='lat' dir='ltr'><strong>stotele</strong></span> <span class='ocrx_word' id='word_1_28' title='bbox 226 843 258 894; x_wconf 91' lang='lat' dir='ltr'><strong>ut</strong></span> <span class='ocrx_word' id='word_1_29' title='bbox 280 836 446 910; x_wconf 73' lang='lat' dir='ltr'><strong>vituperant</strong></span> <span class='ocrx_word' id='word_1_30' title='bbox 467 839 606 896; x_wconf 87' lang='lat' dir='ltr'><strong>omissam</strong></span> <span class='ocrx_word' id='word_1_31' title='bbox 630 871 671 880; x_wconf 81' lang='lat'><strong>-—</strong></span> <span class='ocrx_word' id='word_1_32' title='bbox 693 836 772 896; x_wconf 87' lang='lat' dir='ltr'><strong>aliud</strong></span> <span class='ocrx_word' id='word_1_33' title='bbox 795 838 873 897; x_wconf 91' lang='lat' dir='ltr'><strong>enim</strong></span> <span class='ocrx_word' id='word_1_34' title='bbox 895 838 987 898; x_wconf 90' lang='lat' dir='ltr'><strong>voluit</strong></span> <span class='ocrx_word' id='word_1_35' title='bbox 1009 835 1103 910; x_wconf 82' lang='grc'><strong>1074,</strong></span> <span class='ocrx_word' id='word_1_36' title='bbox 1115 835 1252 900; x_wconf 78' lang='grc'><strong>31--118</strong></span> 
     </span>
     <span class='ocr_line' id='line_1_6' title="bbox 98 936 1252 1014; baseline 0.005 -20"><span class='ocrx_word' id='word_1_37' title='bbox 98 951 152 994; x_wconf 89' lang='lat' dir='ltr'><strong>nec</strong></span> <span class='ocrx_word' id='word_1_38' title='bbox 173 938 256 1010; x_wconf 85' lang='lat' dir='ltr'><strong>quod</strong></span> <span class='ocrx_word' id='word_1_39' title='bbox 278 939 402 997; x_wconf 88' lang='lat' dir='ltr'><strong>credidit</strong></span> <span class='ocrx_word' id='word_1_40' title='bbox 422 939 525 998; x_wconf 79' lang='lat' dir='ltr'><strong>Bonita</strong></span> <span class='ocrx_word' id='word_1_41' title='bbox 549 941 660 999; x_wconf 83' lang='lat' dir='ltr'><strong>Gomm.</strong></span> <span class='ocrx_word' id='word_1_42' title='bbox 683 957 712 1014; x_wconf 89' lang='lat' dir='ltr'><strong>p.</strong></span> <span class='ocrx_word' id='word_1_43' title='bbox 729 936 801 1011; x_wconf 78' lang='lat'><strong>512,</strong></span> <span class='ocrx_word' id='word_1_44' title='bbox 825 947 952 1002; x_wconf 87' lang='lat' dir='ltr'><strong>ceterum</strong></span> <span class='ocrx_word' id='word_1_45' title='bbox 977 942 1049 1001; x_wconf 84' lang='lat' dir='ltr'><strong>haec</strong></span> <span class='ocrx_word' id='word_1_46' title='bbox 1073 941 1160 1000; x_wconf 90' lang='lat' dir='ltr'><strong>verba</strong></span> <span class='ocrx_word' id='word_1_47' title='bbox 1176 957 1252 1014; x_wconf 87' lang='lat' dir='ltr'><strong>quae</strong></span> 
     </span>
     <span class='ocr_line' id='line_1_7' title="bbox 98 1039 1252 1116; baseline 0.004 -20"><span class='ocrx_word' id='word_1_48' title='bbox 98 1046 126 1096; x_wconf 91' lang='lat' dir='ltr'><strong>et</strong></span> <span class='ocrx_word' id='word_1_49' title='bbox 147 1039 262 1098; x_wconf 79' lang='lat' dir='ltr'><strong>veritati</strong></span> <span class='ocrx_word' id='word_1_50' title='bbox 295 1048 324 1098; x_wconf 91' lang='lat' dir='ltr'><strong>et</strong></span> <span class='ocrx_word' id='word_1_51' title='bbox 345 1041 510 1100; x_wconf 86' lang='lat' dir='ltr'><strong>Aristotelis</strong></span> <span class='ocrx_word' id='word_1_52' title='bbox 543 1041 708 1100; x_wconf 88' lang='lat' dir='ltr'><strong>sententiae</strong></span> <span class='ocrx_word' id='word_1_53' title='bbox 732 1043 783 1114; x_wconf 81' lang='lat' dir='ltr'><strong>(ol.</strong></span> <span class='ocrx_word' id='word_1_54' title='bbox 807 1043 845 1100; x_wconf 93' lang='lat' dir='ltr'><strong>de</strong></span> <span class='ocrx_word' id='word_1_55' title='bbox 867 1041 955 1100; x_wconf 86' lang='lat' dir='ltr'><strong>Coelo</strong></span> <span class='ocrx_word' id='word_1_56' title='bbox 973 1039 1001 1113; x_wconf 86' lang='lat'><strong>1,</strong></span> <span class='ocrx_word' id='word_1_57' title='bbox 1018 1040 1053 1113; x_wconf 88' lang='grc'><strong>9)</strong></span> <span class='ocrx_word' id='word_1_58' title='bbox 1088 1049 1252 1116; x_wconf 74' lang='lat' dir='ltr'><strong>repugnant</strong></span> 
     </span>
     <span class='ocr_line' id='line_1_8' title="bbox 98 1125 1249 1216; baseline 0.003 -20"><span class='ocrx_word' id='word_1_59' title='bbox 98 1140 368 1216; x_wconf 81' lang='lat' dir='ltr'><strong>sententiarumque</strong></span> <span class='ocrx_word' id='word_1_60' title='bbox 391 1157 499 1201; x_wconf 86' lang='lat' dir='ltr'><strong>nexum</strong></span> <span class='ocrx_word' id='word_1_61' title='bbox 522 1143 676 1202; x_wconf 86' lang='lat' dir='ltr'><strong>manifesto</strong></span> <span class='ocrx_word' id='word_1_62' title='bbox 699 1144 841 1212; x_wconf 83' lang='lat' dir='ltr'><strong>dirimunt</strong></span> <span class='ocrx_word' id='word_1_63' title='bbox 850 1143 901 1215; x_wconf 86' lang='grc'><strong>(11.</strong></span> <span class='ocrx_word' id='word_1_64' title='bbox 913 1143 986 1202; x_wconf 92' lang='lat' dir='ltr'><strong>illud</strong></span> <span class='ocrx_word' id='word_1_65' title='bbox 998 1125 1092 1204; x_wconf 70' lang='grc'><strong>111111</strong></span> <span class='ocrx_word' id='word_1_66' title='bbox 1104 1141 1209 1205; x_wconf 73' lang='lat' dir='ltr'><strong>tonet</strong></span> <span class='ocrx_word' id='word_1_67' title='bbox 1217 1141 1249 1204; x_wconf 85' lang='grc'><strong>·3.</strong></span> 
     </span>
     <span class='ocr_line' id='line_1_9' title="bbox 98 1232 1251 1320; baseline 0.005 -22"><span class='ocrx_word' id='word_1_68' title='bbox 98 1240 249 1316; x_wconf 81' lang='grc'><strong>111074,</strong></span> <span class='ocrx_word' id='word_1_69' title='bbox 271 1239 328 1316; x_wconf 87' lang='grc'><strong>30)</strong></span> <span class='ocrx_word' id='word_1_70' title='bbox 358 1253 463 1320; x_wconf 88' lang='lat' dir='ltr'><strong>postea</strong></span> <span class='ocrx_word' id='word_1_71' title='bbox 487 1232 607 1304; x_wconf 76' lang='lat' dir='ltr'><strong>demum</strong></span> <span class='ocrx_word' id='word_1_72' title='bbox 635 1245 799 1304; x_wconf 90' lang='lat' dir='ltr'><strong>introducta</strong></span> <span class='ocrx_word' id='word_1_73' title='bbox 825 1259 894 1302; x_wconf 89' lang='lat' dir='ltr'><strong>esse</strong></span> <span class='ocrx_word' id='word_1_74' title='bbox 922 1245 1010 1304; x_wconf 87' lang='lat' dir='ltr'><strong>credo</strong></span> <span class='ocrx_word' id='word_1_75' title='bbox 1033 1277 1074 1288; x_wconf 83' lang='grc'><strong>-</strong></span> <span class='ocrx_word' id='word_1_76' title='bbox 1096 1245 1149 1318; x_wconf 86' lang='lat' dir='ltr'><strong>qui-</strong></span> <span class='ocrx_word' id='word_1_77' title='bbox 1170 1253 1199 1304; x_wconf 88' lang='lat' dir='ltr'><strong>et</strong></span> <span class='ocrx_word' id='word_1_78' title='bbox 1220 1245 1251 1304; x_wconf 91' lang='lat' dir='ltr'><strong>in</strong></span> 
     </span>
     <span class='ocr_line' id='line_1_10' title="bbox 98 1327 1260 1422; baseline 0.003 -20"><span class='ocrx_word' id='word_1_79' title='bbox 98 1342 171 1416; x_wconf 89' lang='lat' dir='ltr'><strong>ipsis</strong></span> <span class='ocrx_word' id='word_1_80' title='bbox 193 1345 399 1422; x_wconf 81' lang='lat' dir='ltr'><strong>Metaphysicis</strong></span> <span class='ocrx_word' id='word_1_81' title='bbox 421 1346 562 1406; x_wconf 88' lang='lat' dir='ltr'><strong>rationem</strong></span> <span class='ocrx_word' id='word_1_82' title='bbox 586 1363 662 1420; x_wconf 79' lang='lat' dir='ltr'><strong>quac</strong></span> <span class='ocrx_word' id='word_1_83' title='bbox 685 1347 723 1405; x_wconf 92' lang='lat' dir='ltr'><strong>sit</strong></span> <span class='ocrx_word' id='word_1_84' title='bbox 738 1347 896 1404; x_wconf 81' lang='lat' dir='ltr'><strong>formarum</strong></span> <span class='ocrx_word' id='word_1_85' title='bbox 909 1327 1260 1408; x_wconf 70' lang='lat' dir='ltr'><strong>multarumnontninus⁸</strong></span> 
     </span>
     <span class='ocr_line' id='line_1_11' title="bbox 99 1430 1251 1523; baseline 0.002 -21"><span class='ocrx_word' id='word_1_86' title='bbox 99 1446 225 1520; x_wconf 80' lang='lat' dir='ltr'><strong>neglexit</strong></span> <span class='ocrx_word' id='word_1_87' title='bbox 247 1463 335 1522; x_wconf 87' lang='lat' dir='ltr'><strong>quem</strong></span> <span class='ocrx_word' id='word_1_88' title='bbox 365 1456 494 1523; x_wconf 81' lang='lat' dir='ltr'><strong>systema</strong></span> <span class='ocrx_word' id='word_1_89' title='bbox 526 1448 659 1506; x_wconf 88' lang='lat' dir='ltr'><strong>idearum</strong></span> <span class='ocrx_word' id='word_1_90' title='bbox 681 1448 761 1506; x_wconf 85' lang='lat' dir='ltr'><strong>Plato</strong></span> <span class='ocrx_word' id='word_1_91' title='bbox 795 1454 896 1522; x_wconf 77' lang='grc'><strong>1111111</strong></span> <span class='ocrx_word' id='word_1_92' title='bbox 929 1430 979 1520; x_wconf 84' lang='lat' dir='ltr'><strong>qui</strong></span> <span class='ocrx_word' id='word_1_93' title='bbox 1006 1448 1251 1508; x_wconf 75' lang='lat' dir='ltr'><strong>satis1haberent</strong></span> 
     </span>
     <span class='ocr_line' id='line_1_12' title="bbox 99 1543 1248 1622; baseline 0 -18"><span class='ocrx_word' id='word_1_94' title='bbox 99 1562 275 1622; x_wconf 79' lang='lat' dir='ltr'><strong>cognoscere</strong></span> <span class='ocrx_word' id='word_1_95' title='bbox 299 1549 388 1607; x_wconf 91' lang='lat' dir='ltr'><strong>deum</strong></span> <span class='ocrx_word' id='word_1_96' title='bbox 409 1548 427 1606; x_wconf 91' lang='lat' dir='ltr'><strong>i.</strong></span> <span class='ocrx_word' id='word_1_97' title='bbox 440 1564 466 1606; x_wconf 90' lang='lat' dir='ltr'><strong>e.</strong></span> <span class='ocrx_word' id='word_1_98' title='bbox 490 1565 557 1608; x_wconf 90' lang='lat' dir='ltr'><strong>esse</strong></span> <span class='ocrx_word' id='word_1_99' title='bbox 580 1549 662 1608; x_wconf 88' lang='lat' dir='ltr'><strong>ideas</strong></span> <span class='ocrx_word' id='word_1_100' title='bbox 685 1543 873 1622; x_wconf 70' lang='lat' dir='ltr'><strong>cognoscere,</strong></span> <span class='ocrx_word' id='word_1_101' title='bbox 897 1565 964 1609; x_wconf 89' lang='lat' dir='ltr'><strong>esse</strong></span> <span class='ocrx_word' id='word_1_102' title='bbox 980 1549 1090 1608; x_wconf 76' lang='lat' dir='ltr'><strong>formas</strong></span> <span class='ocrx_word' id='word_1_103' title='bbox 1104 1556 1248 1616; x_wconf 79' lang='lat' dir='ltr'><strong>aeternas,</strong></span> 
     </span>
     <span class='ocr_line' id='line_1_13' title="bbox 99 1645 1249 1724; baseline -0.003 -17"><span class='ocrx_word' id='word_1_104' title='bbox 99 1649 169 1708; x_wconf 93' lang='lat' dir='ltr'><strong>illud</strong></span> <span class='ocrx_word' id='word_1_105' title='bbox 191 1665 260 1709; x_wconf 84' lang='grc'><strong>1111</strong></span> <span class='ocrx_word' id='word_1_106' title='bbox 284 1651 364 1724; x_wconf 87' lang='lat' dir='ltr'><strong>qnod</strong></span> <span class='ocrx_word' id='word_1_107' title='bbox 390 1657 492 1709; x_wconf 84' lang='lat' dir='ltr'><strong>nosue</strong></span> <span class='ocrx_word' id='word_1_108' title='bbox 519 1651 579 1710; x_wconf 89' lang='grc'><strong>1111</strong></span> <span class='ocrx_word' id='word_1_109' title='bbox 607 1659 738 1724; x_wconf 87' lang='lat' dir='ltr'><strong>tempore</strong></span> <span class='ocrx_word' id='word_1_110' title='bbox 763 1650 891 1724; x_wconf 91' lang='lat' dir='ltr'><strong>primum</strong></span> <span class='ocrx_word' id='word_1_111' title='bbox 918 1667 1044 1710; x_wconf 83' lang='lat' dir='ltr'><strong>summo·</strong></span> <span class='ocrx_word' id='word_1_112' title='bbox 1061 1645 1169 1704; x_wconf 88' lang='lat' dir='ltr'><strong>mentis</strong></span> <span class='ocrx_word' id='word_1_113' title='bbox 1194 1647 1249 1705; x_wconf 91' lang='lat' dir='ltr'><strong>hu·</strong></span> 
     </span>
     <span class='ocr_line' id='line_1_14' title="bbox 99 1748 1249 1826; baseline -0.003 -17"><span class='ocrx_word' id='word_1_114' title='bbox 99 1767 200 1810; x_wconf 86' lang='lat' dir='ltr'><strong>manae</strong></span> <span class='ocrx_word' id='word_1_115' title='bbox 222 1752 343 1812; x_wconf 84' lang='lat' dir='ltr'><strong>artificio</strong></span> <span class='ocrx_word' id='word_1_116' title='bbox 365 1752 538 1826; x_wconf 84' lang='lat' dir='ltr'><strong>excogitavit</strong></span> <span class='ocrx_word' id='word_1_117' title='bbox 559 1753 650 1826; x_wconf 86' lang='lat' dir='ltr'><strong>liegel</strong></span> <span class='ocrx_word' id='word_1_118' title='bbox 672 1752 702 1810; x_wconf 90' lang='lat' dir='ltr'><strong>in</strong></span> <span class='ocrx_word' id='word_1_119' title='bbox 725 1750 819 1824; x_wconf 83' lang='lat' dir='ltr'><strong>logion</strong></span> <span class='ocrx_word' id='word_1_120' title='bbox 829 1759 926 1826; x_wconf 87' lang='lat' dir='ltr'><strong>poeta,</strong></span> <span class='ocrx_word' id='word_1_121' title='bbox 949 1753 1035 1808; x_wconf 88' lang='lat' dir='ltr'><strong>deum</strong></span> <span class='ocrx_word' id='word_1_122' title='bbox 1049 1764 1090 1806; x_wconf 91' lang='lat' dir='ltr'><strong>se.</strong></span> <span class='ocrx_word' id='word_1_123' title='bbox 1104 1748 1249 1821; x_wconf 84' lang='lat' dir='ltr'><strong>explicare</strong></span> 
     </span>
     <span class='ocr_line' id='line_1_15' title="bbox 102 1848 1249 1928; baseline -0.002 -18"><span class='ocrx_word' id='word_1_124' title='bbox 102 1860 130 1910; x_wconf 90' lang='lat' dir='ltr'><strong>et</strong></span> <span class='ocrx_word' id='word_1_125' title='bbox 154 1854 235 1926; x_wconf 83' lang='lat' dir='ltr'><strong>quasi</strong></span> <span class='ocrx_word' id='word_1_126' title='bbox 267 1853 297 1912; x_wconf 94' lang='lat' dir='ltr'><strong>in</strong></span> <span class='ocrx_word' id='word_1_127' title='bbox 331 1853 464 1911; x_wconf 77' lang='lat' dir='ltr'><strong>ordinem</strong></span> <span class='ocrx_word' id='word_1_128' title='bbox 491 1854 624 1928; x_wconf 82' lang='lat' dir='ltr'><strong>redigere</strong></span> <span class='ocrx_word' id='word_1_129' title='bbox 657 1869 718 1912; x_wconf 89' lang='lat' dir='ltr'><strong>non</strong></span> <span class='ocrx_word' id='word_1_130' title='bbox 751 1859 900 1921; x_wconf 87' lang='lat' dir='ltr'><strong>curantes,</strong></span> <span class='ocrx_word' id='word_1_131' title='bbox 934 1850 964 1906; x_wconf 90' lang='lat' dir='ltr'><strong>in</strong></span> <span class='ocrx_word' id='word_1_132' title='bbox 992 1864 1050 1922; x_wconf 87' lang='lat' dir='ltr'><strong>qun</strong></span> <span class='ocrx_word' id='word_1_133' title='bbox 1081 1863 1114 1906; x_wconf 89' lang='lat' dir='ltr'><strong>re</strong></span> <span class='ocrx_word' id='word_1_134' title='bbox 1141 1848 1249 1908; x_wconf 89' lang='lat' dir='ltr'><strong>mentis</strong></span> 
     </span>
     <span class='ocr_line' id='line_1_16' title="bbox 104 1947 1248 2030; baseline -0.005 -20"><span class='ocrx_word' id='word_1_135' title='bbox 104 1954 239 2013; x_wconf 83' lang='lat' dir='ltr'><strong>humame</strong></span> <span class='ocrx_word' id='word_1_136' title='bbox 261 1955 354 2030; x_wconf 87' lang='lat' dir='ltr'><strong>magis</strong></span> <span class='ocrx_word' id='word_1_137' title='bbox 377 1961 406 2014; x_wconf 90' lang='lat' dir='ltr'><strong>et</strong></span> <span class='ocrx_word' id='word_1_138' title='bbox 427 1955 630 2029; x_wconf 87' lang='lat' dir='ltr'><strong>philosophiae</strong></span> <span class='ocrx_word' id='word_1_139' title='bbox 652 1953 822 2028; x_wconf 88' lang='lat' dir='ltr'><strong>impotentia</strong></span> <span class='ocrx_word' id='word_1_140' title='bbox 844 1950 973 2010; x_wconf 89' lang='lat' dir='ltr'><strong>cernitur</strong></span> <span class='ocrx_word' id='word_1_141' title='bbox 984 1964 1071 2023; x_wconf 81' lang='lat' dir='ltr'><strong>quam</strong></span> <span class='ocrx_word' id='word_1_142' title='bbox 1083 1947 1248 2016; x_wconf 84' lang='lat' dir='ltr'><strong>Aristotelis</strong></span> 
     </span>
     <span class='ocr_line' id='line_1_17' title="bbox 103 2046 1248 2130; baseline -0.007 -18"><span class='ocrx_word' id='word_1_143' title='bbox 103 2062 131 2112; x_wconf 89' lang='grc'><strong>11</strong></span> <span class='ocrx_word' id='word_1_144' title='bbox 152 2055 284 2115; x_wconf 79' lang='lat' dir='ltr'><strong>Plutonia.</strong></span> <span class='ocrx_word' id='word_1_145' title='bbox 328 2057 392 2116; x_wconf 89' lang='lat' dir='ltr'><strong>Non</strong></span> <span class='ocrx_word' id='word_1_146' title='bbox 412 2057 508 2130; x_wconf 87' lang='lat' dir='ltr'><strong>-megis</strong></span> <span class='ocrx_word' id='word_1_147' title='bbox 530 2056 619 2130; x_wconf 86' lang='lat' dir='ltr'><strong>igitur</strong></span> <span class='ocrx_word' id='word_1_148' title='bbox 640 2055 734 2129; x_wconf 90' lang='lat' dir='ltr'><strong>ipsius</strong></span> <span class='ocrx_word' id='word_1_149' title='bbox 756 2052 806 2110; x_wconf 86' lang='grc'><strong>1111</strong></span> <span class='ocrx_word' id='word_1_150' title='bbox 829 2053 864 2110; x_wconf 91' lang='lat' dir='ltr'><strong>de</strong></span> <span class='ocrx_word' id='word_1_151' title='bbox 881 2053 976 2124; x_wconf 91' lang='lat' dir='ltr'><strong>primo</strong></span> <span class='ocrx_word' id='word_1_152' title='bbox 988 2057 1101 2108; x_wconf 90' lang='lat' dir='ltr'><strong>motore</strong></span> <span class='ocrx_word' id='word_1_153' title='bbox 1113 2046 1248 2122; x_wconf 85' lang='lat' dir='ltr'><strong>quaestio</strong></span> 
     </span>
     <span class='ocr_line' id='line_1_18' title="bbox 101 2151 1247 2232; baseline -0.008 -17"><span class='ocrx_word' id='word_1_154' title='bbox 101 2158 310 2232; x_wconf 80' lang='lat' dir='ltr'><strong>metaphysicae</strong></span> <span class='ocrx_word' id='word_1_155' title='bbox 342 2165 389 2217; x_wconf 90' lang='lat' dir='ltr'><strong>est</strong></span> <span class='ocrx_word' id='word_1_156' title='bbox 415 2173 502 2232; x_wconf 87' lang='lat' dir='ltr'><strong>quam</strong></span> <span class='ocrx_word' id='word_1_157' title='bbox 535 2155 752 2231; x_wconf 82' lang='lat' dir='ltr'><strong>metaphysieus</strong></span> <span class='ocrx_word' id='word_1_158' title='bbox 786 2159 831 2212; x_wconf 89' lang='lat' dir='ltr'><strong>cst</strong></span> <span class='ocrx_word' id='word_1_159' title='bbox 862 2153 937 2210; x_wconf 88' lang='lat' dir='ltr'><strong>lihcr</strong></span> <span class='ocrx_word' id='word_1_160' title='bbox 968 2151 1005 2208; x_wconf 89' lang='lat' dir='ltr'><strong>de</strong></span> <span class='ocrx_word' id='word_1_161' title='bbox 1033 2163 1122 2208; x_wconf 87' lang='lat' dir='ltr'><strong>causa</strong></span> <span class='ocrx_word' id='word_1_162' title='bbox 1148 2153 1247 2206; x_wconf 87' lang='lat' dir='ltr'><strong>motus</strong></span> 
     </span>
     <span class='ocr_line' id='line_1_19' title="bbox 99 2248 1248 2334; baseline -0.01 -18"><span class='ocrx_word' id='word_1_163' title='bbox 99 2258 277 2332; x_wconf 77' lang='lat' dir='ltr'><strong>animalium,</strong></span> <span class='ocrx_word' id='word_1_164' title='bbox 310 2268 340 2319; x_wconf 91' lang='lat' dir='ltr'><strong>at</strong></span> <span class='ocrx_word' id='word_1_165' title='bbox 367 2259 584 2334; x_wconf 76' lang='lat' dir='ltr'><strong>metaphysicae</strong></span> <span class='ocrx_word' id='word_1_166' title='bbox 612 2265 681 2316; x_wconf 89' lang='lat' dir='ltr'><strong>sunt</strong></span> <span class='ocrx_word' id='word_1_167' title='bbox 708 2263 853 2328; x_wconf 83' lang='lat' dir='ltr'><strong>quatenus</strong></span> <span class='ocrx_word' id='word_1_168' title='bbox 879 2251 1022 2327; x_wconf 89' lang='lat' dir='ltr'><strong>principia</strong></span> <span class='ocrx_word' id='word_1_169' title='bbox 1050 2248 1248 2324; x_wconf 80' lang='lat' dir='ltr'><strong>metaphysica</strong></span> 
     </span>
     <span class='ocr_line' id='line_1_20' title="bbox 99 2353 1280 2437; baseline -0.011 -17"><span class='ocrx_word' id='word_1_170' title='bbox 99 2363 198 2420; x_wconf 89' lang='lat' dir='ltr'><strong>eadem</strong></span> <span class='ocrx_word' id='word_1_171' title='bbox 221 2369 291 2422; x_wconf 87' lang='lat' dir='ltr'><strong>sunt</strong></span> <span class='ocrx_word' id='word_1_172' title='bbox 312 2361 433 2437; x_wconf 82' lang='lat' dir='ltr'><strong>physica</strong></span> <span class='ocrx_word' id='word_1_173' title='bbox 455 2361 517 2418; x_wconf 86' lang='lat' dir='ltr'><strong>sive</strong></span> <span class='ocrx_word' id='word_1_174' title='bbox 539 2367 684 2434; x_wconf 85' lang='lat' dir='ltr'><strong>quatenus</strong></span> <span class='ocrx_word' id='word_1_175' title='bbox 705 2357 881 2415; x_wconf 86' lang='lat' dir='ltr'><strong>adhibentur</strong></span> <span class='ocrx_word' id='word_1_176' title='bbox 902 2355 932 2412; x_wconf 94' lang='lat' dir='ltr'><strong>in</strong></span> <span class='ocrx_word' id='word_1_177' title='bbox 956 2353 1131 2426; x_wconf 84' lang='lat' dir='ltr'><strong>explicanda</strong></span> <span class='ocrx_word' id='word_1_178' title='bbox 1145 2357 1248 2408; x_wconf 83' lang='lat' dir='ltr'><strong>natura</strong></span> <span class='ocrx_word' id='word_1_179' title='bbox 1277 2398 1280 2416; x_wconf 75' lang='lat'><strong>,</strong></span> 
     </span>
     <span class='ocr_line' id='line_1_21' title="bbox 99 2443 1268 2538; baseline -0.011 -18"><span class='ocrx_word' id='word_1_180' title='bbox 99 2479 192 2524; x_wconf 90' lang='lat' dir='ltr'><strong>rerum</strong></span> <span class='ocrx_word' id='word_1_181' title='bbox 227 2465 257 2523; x_wconf 93' lang='lat' dir='ltr'><strong>in</strong></span> <span class='ocrx_word' id='word_1_182' title='bbox 280 2463 452 2538; x_wconf 88' lang='lat' dir='ltr'><strong>explicando</strong></span> <span class='ocrx_word' id='word_1_183' title='bbox 476 2470 504 2521; x_wconf 91' lang='lat' dir='ltr'><strong>et</strong></span> <span class='ocrx_word' id='word_1_184' title='bbox 526 2468 607 2520; x_wconf 90' lang='lat' dir='ltr'><strong>motu</strong></span> <span class='ocrx_word' id='word_1_185' title='bbox 630 2458 750 2518; x_wconf 89' lang='lat' dir='ltr'><strong>coelesti</strong></span> <span class='ocrx_word' id='word_1_186' title='bbox 773 2464 801 2515; x_wconf 89' lang='lat' dir='ltr'><strong>et</strong></span> <span class='ocrx_word' id='word_1_187' title='bbox 822 2463 904 2513; x_wconf 88' lang='lat' dir='ltr'><strong>motu</strong></span> <span class='ocrx_word' id='word_1_188' title='bbox 927 2443 1268 2512; x_wconf 65' lang='grc'><strong>111111111111111111111-4</strong></span> 
     </span>
     <span class='ocr_line' id='line_1_22' title="bbox 98 2548 1249 2640; baseline -0.011 -17"><span class='ocrx_word' id='word_1_189' title='bbox 98 2567 162 2624; x_wconf 90' lang='lat' dir='ltr'><strong>meli</strong></span> <span class='ocrx_word' id='word_1_190' title='bbox 196 2568 268 2640; x_wconf 88' lang='lat' dir='ltr'><strong>(nee</strong></span> <span class='ocrx_word' id='word_1_191' title='bbox 295 2565 375 2624; x_wconf 90' lang='lat' dir='ltr'><strong>aliud</strong></span> <span class='ocrx_word' id='word_1_192' title='bbox 402 2563 552 2636; x_wconf 86' lang='lat' dir='ltr'><strong>estquod</strong></span> <span class='ocrx_word' id='word_1_193' title='bbox 579 2560 648 2620; x_wconf 89' lang='lat' dir='ltr'><strong>dicit</strong></span> <span class='ocrx_word' id='word_1_194' title='bbox 674 2560 738 2633; x_wconf 88' lang='lat' dir='ltr'><strong>ipse</strong></span> <span class='ocrx_word' id='word_1_195' title='bbox 760 2557 846 2631; x_wconf 76' lang='lat' dir='ltr'><strong>Phys.</strong></span> <span class='ocrx_word' id='word_1_196' title='bbox 867 2556 928 2614; x_wconf 90' lang='lat' dir='ltr'><strong>Vlll</strong></span> <span class='ocrx_word' id='word_1_197' title='bbox 942 2555 982 2614; x_wconf 91' lang='lat' dir='ltr'><strong>in.</strong></span> <span class='ocrx_word' id='word_1_198' title='bbox 1003 2551 1075 2628; x_wconf 80' lang='lat'><strong>251,</strong></span> <span class='ocrx_word' id='word_1_199' title='bbox 1092 2550 1120 2614; x_wconf 87' lang='lat'><strong>5.</strong></span> <span class='ocrx_word' id='word_1_200' title='bbox 1149 2553 1185 2611; x_wconf 86' lang='lat' dir='ltr'><strong>cf.</strong></span> <span class='ocrx_word' id='word_1_201' title='bbox 1210 2548 1249 2611; x_wconf 84' lang='lat' dir='ltr'><strong>de</strong></span> 
     </span>
     <span class='ocr_line' id='line_1_23' title="bbox 98 2655 1246 2738; baseline -0.013 -12"><span class='ocrx_word' id='word_1_202' title='bbox 98 2675 173 2726; x_wconf 90' lang='lat' dir='ltr'><strong>motu</strong></span> <span class='ocrx_word' id='word_1_203' title='bbox 196 2683 244 2726; x_wconf 87' lang='lat' dir='ltr'><strong>nn.</strong></span> <span class='ocrx_word' id='word_1_204' title='bbox 261 2666 289 2728; x_wconf 84' lang='lat' dir='ltr'><strong>t.</strong></span> <span class='ocrx_word' id='word_1_205' title='bbox 306 2664 394 2728; x_wconf 81' lang='grc'><strong>7001)</strong></span> <span class='ocrx_word' id='word_1_206' title='bbox 409 2663 466 2738; x_wconf 87' lang='grc'><strong>30)</strong></span> <span class='ocrx_word' id='word_1_207' title='bbox 492 2664 620 2736; x_wconf 87' lang='lat' dir='ltr'><strong>ideoque</strong></span> <span class='ocrx_word' id='word_1_208' title='bbox 644 2657 683 2720; x_wconf 84' lang='lat' dir='ltr'><strong>ab</strong></span> <span class='ocrx_word' id='word_1_209' title='bbox 709 2660 774 2732; x_wconf 89' lang='lat' dir='ltr'><strong>ipso</strong></span> <span class='ocrx_word' id='word_1_210' title='bbox 796 2658 952 2717; x_wconf 86' lang='lat' dir='ltr'><strong>Aristotele</strong></span> <span class='ocrx_word' id='word_1_211' title='bbox 979 2657 1081 2715; x_wconf 86' lang='lat' dir='ltr'><strong>eadem</strong></span> <span class='ocrx_word' id='word_1_212' title='bbox 1114 2657 1144 2713; x_wconf 91' lang='lat' dir='ltr'><strong>in</strong></span> <span class='ocrx_word' id='word_1_213' title='bbox 1170 2655 1246 2712; x_wconf 81' lang='lat' dir='ltr'><strong>libro</strong></span> 
     </span>
     <span class='ocr_line' id='line_1_24' title="bbox 98 2757 1243 2844; baseline -0.011 -19"><span class='ocrx_word' id='word_1_214' title='bbox 98 2769 287 2844; x_wconf 75' lang='lat' dir='ltr'><strong>physicorum</strong></span> <span class='ocrx_word' id='word_1_215' title='bbox 315 2769 416 2827; x_wconf 89' lang='lat' dir='ltr'><strong>eadem</strong></span> <span class='ocrx_word' id='word_1_216' title='bbox 444 2767 474 2824; x_wconf 88' lang='lat' dir='ltr'><strong>in</strong></span> <span class='ocrx_word' id='word_1_217' title='bbox 497 2767 515 2823; x_wconf 95' lang='lat' dir='ltr'><strong>l.</strong></span> <span class='ocrx_word' id='word_1_218' title='bbox 544 2765 581 2822; x_wconf 92' lang='lat' dir='ltr'><strong>de</strong></span> <span class='ocrx_word' id='word_1_219' title='bbox 603 2763 700 2820; x_wconf 89' lang='lat' dir='ltr'><strong>anima</strong></span> <span class='ocrx_word' id='word_1_220' title='bbox 727 2761 796 2820; x_wconf 91' lang='lat' dir='ltr'><strong>etl.</strong></span> <span class='ocrx_word' id='word_1_221' title='bbox 824 2761 862 2818; x_wconf 89' lang='lat' dir='ltr'><strong>de</strong></span> <span class='ocrx_word' id='word_1_222' title='bbox 888 2766 969 2818; x_wconf 90' lang='lat' dir='ltr'><strong>motu</strong></span> <span class='ocrx_word' id='word_1_223' title='bbox 995 2772 1042 2816; x_wconf 89' lang='lat' dir='ltr'><strong>an.</strong></span> <span class='ocrx_word' id='word_1_224' title='bbox 1067 2757 1243 2827; x_wconf 84' lang='lat' dir='ltr'><strong>dictasunt,</strong></span> 
     </span>
     <span class='ocr_line' id='line_1_25' title="bbox 98 2857 1246 2946; baseline -0.015 -15"><span class='ocrx_word' id='word_1_225' title='bbox 98 2873 202 2946; x_wconf 89' lang='lat' dir='ltr'><strong>quihus</strong></span> <span class='ocrx_word' id='word_1_226' title='bbox 229 2887 305 2930; x_wconf 90' lang='lat' dir='ltr'><strong>nova</strong></span> <span class='ocrx_word' id='word_1_227' title='bbox 333 2872 389 2930; x_wconf 90' lang='lat' dir='ltr'><strong>hoc</strong></span> <span class='ocrx_word' id='word_1_228' title='bbox 414 2869 489 2928; x_wconf 89' lang='lat' dir='ltr'><strong>libro</strong></span> <span class='ocrx_word' id='word_1_229' title='bbox 517 2866 597 2924; x_wconf 91' lang='lat' dir='ltr'><strong>nulla</strong></span> <span class='ocrx_word' id='word_1_230' title='bbox 622 2864 774 2922; x_wconf 87' lang='lat' dir='ltr'><strong>accedunt.</strong></span> <span class='ocrx_word' id='word_1_231' title='bbox 819 2861 884 2934; x_wconf 88' lang='lat' dir='ltr'><strong>lpsa</strong></span> <span class='ocrx_word' id='word_1_232' title='bbox 905 2859 993 2918; x_wconf 86' lang='lat' dir='ltr'><strong>etiem</strong></span> <span class='ocrx_word' id='word_1_233' title='bbox 1015 2858 1176 2932; x_wconf 87' lang='lat' dir='ltr'><strong>amplitudo</strong></span> <span class='ocrx_word' id='word_1_234' title='bbox 1192 2857 1246 2914; x_wconf 81' lang='lat' dir='ltr'><strong>ille</strong></span> 
     </span>
     <span class='ocr_line' id='line_1_26' title="bbox 98 2959 1245 3048; baseline -0.016 -16"><span class='ocrx_word' id='word_1_235' title='bbox 98 2989 151 3048; x_wconf 89' lang='lat' dir='ltr'><strong>qua</strong></span> <span class='ocrx_word' id='word_1_236' title='bbox 181 2989 231 3032; x_wconf 90' lang='lat' dir='ltr'><strong>res</strong></span> <span class='ocrx_word' id='word_1_237' title='bbox 264 2973 409 3032; x_wconf 88' lang='lat' dir='ltr'><strong>coelestes</strong></span> <span class='ocrx_word' id='word_1_238' title='bbox 442 2970 564 3028; x_wconf 83' lang='lat' dir='ltr'><strong>Eudoxo</strong></span> <span class='ocrx_word' id='word_1_239' title='bbox 591 2973 619 3024; x_wconf 90' lang='grc'><strong>11</strong></span> <span class='ocrx_word' id='word_1_240' title='bbox 634 2965 779 3038; x_wconf 51' lang='lat' dir='ltr'><strong>*Collippo</strong></span> <span class='ocrx_word' id='word_1_241' title='bbox 813 2960 951 3020; x_wconf 87' lang='lat' dir='ltr'><strong>correctis</strong></span> <span class='ocrx_word' id='word_1_242' title='bbox 984 2959 1032 3018; x_wconf 90' lang='lat' dir='ltr'><strong>hio</strong></span> <span class='ocrx_word' id='word_1_243' title='bbox 1064 2965 1245 3029; x_wconf 85' lang='lat' dir='ltr'><strong>enarrantur,</strong></span> 
     </span>
     <span class='ocr_line' id='line_1_27' title="bbox 97 3059 1246 3150; baseline -0.017 -15"><span class='ocrx_word' id='word_1_244' title='bbox 97 3091 189 3150; x_wconf 89' lang='lat' dir='ltr'><strong>neque</strong></span> <span class='ocrx_word' id='word_1_245' title='bbox 211 3075 304 3133; x_wconf 90' lang='lat' dir='ltr'><strong>libros</strong></span> <span class='ocrx_word' id='word_1_246' title='bbox 328 3075 364 3132; x_wconf 87' lang='lat' dir='ltr'><strong>de</strong></span> <span class='ocrx_word' id='word_1_247' title='bbox 387 3072 475 3131; x_wconf 83' lang='lat' dir='ltr'><strong>Coelo</strong></span> <span class='ocrx_word' id='word_1_248' title='bbox 500 3069 545 3144; x_wconf 77' lang='lat'><strong>(2,</strong></span> <span class='ocrx_word' id='word_1_249' title='bbox 562 3066 612 3126; x_wconf 80' lang='lat'><strong>12.</strong></span> <span class='ocrx_word' id='word_1_250' title='bbox 636 3067 672 3126; x_wconf 89' lang='lat' dir='ltr'><strong>ci.</strong></span> <span class='ocrx_word' id='word_1_251' title='bbox 695 3067 782 3139; x_wconf 82' lang='lat' dir='ltr'><strong>Phys.</strong></span> <span class='ocrx_word' id='word_1_252' title='bbox 798 3060 829 3136; x_wconf 88' lang='lat'><strong>8,</strong></span> <span class='ocrx_word' id='word_1_253' title='bbox 847 3060 866 3121; x_wconf 83' lang='grc'><strong>6</strong></span> <span class='ocrx_word' id='word_1_254' title='bbox 882 3061 921 3119; x_wconf 88' lang='lat' dir='ltr'><strong>in.</strong></span> <span class='ocrx_word' id='word_1_255' title='bbox 951 3059 1002 3118; x_wconf 90' lang='lat' dir='ltr'><strong>uhi</strong></span> <span class='ocrx_word' id='word_1_256' title='bbox 1025 3061 1100 3120; x_wconf 83' lang='lat' dir='ltr'><strong>hane</strong></span> <span class='ocrx_word' id='word_1_257' title='bbox 1123 3061 1159 3118; x_wconf 90' lang='lat' dir='ltr'><strong>de</strong></span> <span class='ocrx_word' id='word_1_258' title='bbox 1182 3072 1246 3117; x_wconf 85' lang='grc'><strong>1111-</strong></span> 
     </span>
     <span class='ocr_line' id='line_1_28' title="bbox 97 3161 1246 3242; baseline -0.017 -4"><span class='ocrx_word' id='word_1_259' title='bbox 97 3187 189 3238; x_wconf 88' lang='lat' dir='ltr'><strong>torum</strong></span> <span class='ocrx_word' id='word_1_260' title='bbox 212 3191 337 3236; x_wconf 87' lang='lat' dir='ltr'><strong>numero</strong></span> <span class='ocrx_word' id='word_1_261' title='bbox 359 3175 395 3232; x_wconf 90' lang='lat' dir='ltr'><strong>ah</strong></span> <span class='ocrx_word' id='word_1_262' title='bbox 418 3174 474 3232; x_wconf 90' lang='lat' dir='ltr'><strong>hoc</strong></span> <span class='ocrx_word' id='word_1_263' title='bbox 502 3172 566 3230; x_wconf 91' lang='lat' dir='ltr'><strong>loco</strong></span> <span class='ocrx_word' id='word_1_264' title='bbox 590 3169 682 3228; x_wconf 90' lang='lat' dir='ltr'><strong>reiicit</strong></span> <span class='ocrx_word' id='word_1_265' title='bbox 704 3165 924 3242; x_wconf 85' lang='lat' dir='ltr'><strong>quaestionem)</strong></span> <span class='ocrx_word' id='word_1_266' title='bbox 949 3163 1113 3222; x_wconf 87' lang='lat' dir='ltr'><strong>seeundum</strong></span> <span class='ocrx_word' id='word_1_267' title='bbox 1135 3161 1246 3220; x_wconf 84' lang='lat' dir='ltr'><strong>hristu·</strong></span> 
     </span>
     <span class='ocr_line' id='line_1_29' title="bbox 97 3263 1248 3345; baseline -0.017 -7"><span class='ocrx_word' id='word_1_268' title='bbox 97 3281 179 3340; x_wconf 89' lang='lat' dir='ltr'><strong>telem</strong></span> <span class='ocrx_word' id='word_1_269' title='bbox 201 3287 234 3338; x_wconf 90' lang='lat' dir='ltr'><strong>et</strong></span> <span class='ocrx_word' id='word_1_270' title='bbox 255 3279 346 3337; x_wconf 88' lang='lat' dir='ltr'><strong>multo</strong></span> <span class='ocrx_word' id='word_1_271' title='bbox 369 3276 468 3334; x_wconf 90' lang='lat' dir='ltr'><strong>minus</strong></span> <span class='ocrx_word' id='word_1_272' title='bbox 492 3275 600 3332; x_wconf 87' lang='lat' dir='ltr'><strong>decens</strong></span> <span class='ocrx_word' id='word_1_273' title='bbox 622 3269 828 3345; x_wconf 81' lang='lat' dir='ltr'><strong>lletephysica,</strong></span> <span class='ocrx_word' id='word_1_274' title='bbox 852 3263 989 3339; x_wconf 90' lang='lat' dir='ltr'><strong>discipuli</strong></span> <span class='ocrx_word' id='word_1_275' title='bbox 1016 3265 1111 3338; x_wconf 86' lang='lat' dir='ltr'><strong>magis</strong></span> <span class='ocrx_word' id='word_1_276' title='bbox 1131 3263 1248 3322; x_wconf 84' lang='lat' dir='ltr'><strong>videtur</strong></span> 
     </span>
     <span class='ocr_line' id='line_1_30' title="bbox 97 3363 1248 3451; baseline -0.017 -11"><span class='ocrx_word' id='word_1_277' title='bbox 97 3381 319 3442; x_wconf 85' lang='lat' dir='ltr'><strong>commentantis</strong></span> <span class='ocrx_word' id='word_1_278' title='bbox 341 3387 370 3438; x_wconf 91' lang='grc'><strong>11</strong></span> <span class='ocrx_word' id='word_1_279' title='bbox 392 3392 467 3451; x_wconf 85' lang='lat' dir='ltr'><strong>qnae</strong></span> <span class='ocrx_word' id='word_1_280' title='bbox 489 3373 601 3432; x_wconf 86' lang='lat' dir='ltr'><strong>omissa</strong></span> <span class='ocrx_word' id='word_1_281' title='bbox 621 3373 796 3431; x_wconf 81' lang='lat' dir='ltr'><strong>videbantur</strong></span> <span class='ocrx_word' id='word_1_282' title='bbox 818 3385 873 3428; x_wconf 90' lang='lat' dir='ltr'><strong>sno</strong></span> <span class='ocrx_word' id='word_1_283' title='bbox 895 3368 983 3426; x_wconf 91' lang='lat' dir='ltr'><strong>modo</strong></span> <span class='ocrx_word' id='word_1_284' title='bbox 1006 3363 1141 3440; x_wconf 81' lang='lat' dir='ltr'><strong>augentis</strong></span> <span class='ocrx_word' id='word_1_285' title='bbox 1156 3364 1248 3435; x_wconf 83' lang='lat' dir='ltr'><strong>(nora</strong></span> 
     </span>
     <span class='ocr_line' id='line_1_31' title="bbox 97 3464 1247 3554; baseline -0.019 -11"><span class='ocrx_word' id='word_1_286' title='bbox 97 3485 170 3543; x_wconf 90' lang='lat' dir='ltr'><strong>enim</strong></span> <span class='ocrx_word' id='word_1_287' title='bbox 193 3497 264 3544; x_wconf 89' lang='lat' dir='ltr'><strong>esse</strong></span> <span class='ocrx_word' id='word_1_288' title='bbox 290 3495 366 3554; x_wconf 86' lang='lat' dir='ltr'><strong>quae</strong></span> <span class='ocrx_word' id='word_1_289' title='bbox 393 3479 462 3539; x_wconf 86' lang='lat' dir='ltr'><strong>dicit</strong></span> <span class='ocrx_word' id='word_1_290' title='bbox 484 3483 586 3536; x_wconf 89' lang='lat' dir='ltr'><strong>auctor</strong></span> <span class='ocrx_word' id='word_1_291' title='bbox 607 3473 701 3532; x_wconf 87' lang='lat' dir='ltr'><strong>cuivis</strong></span> <span class='ocrx_word' id='word_1_292' title='bbox 722 3479 815 3546; x_wconf 88' lang='lat' dir='ltr'><strong>patet,</strong></span> <span class='ocrx_word' id='word_1_293' title='bbox 843 3471 878 3528; x_wconf 87' lang='lat' dir='ltr'><strong>cl.</strong></span> <span class='ocrx_word' id='word_1_294' title='bbox 902 3467 989 3526; x_wconf 86' lang='lat' dir='ltr'><strong>etiam</strong></span> <span class='ocrx_word' id='word_1_295' title='bbox 1011 3467 1101 3524; x_wconf 87' lang='lat' dir='ltr'><strong>verba</strong></span> <span class='ocrx_word' id='word_1_296' title='bbox 1122 3464 1187 3522; x_wconf 90' lang='lat' dir='ltr'><strong>eius</strong></span> <span class='ocrx_word' id='word_1_297' title='bbox 1209 3465 1247 3522; x_wconf 86' lang='lat' dir='ltr'><strong>de</strong></span> 
     </span>
     <span class='ocr_line' id='line_1_32' title="bbox 96 3565 1247 3658; baseline -0.017 -15"><span class='ocrx_word' id='word_1_298' title='bbox 96 3601 217 3646; x_wconf 88' lang='lat' dir='ltr'><strong>numero</strong></span> <span class='ocrx_word' id='word_1_299' title='bbox 240 3598 340 3658; x_wconf 87' lang='lat' dir='ltr'><strong>quem·</strong></span> <span class='ocrx_word' id='word_1_300' title='bbox 351 3580 446 3639; x_wconf 82' lang='lat' dir='ltr'><strong>effecit</strong></span> <span class='ocrx_word' id='word_1_301' title='bbox 467 3576 678 3652; x_wconf 83' lang='lat' dir='ltr'><strong>principiorum</strong></span> <span class='ocrx_word' id='word_1_302' title='bbox 693 3571 787 3646; x_wconf 80' lang='grc'><strong>1071,</strong></span> <span class='ocrx_word' id='word_1_303' title='bbox 804 3570 952 3642; x_wconf 74' lang='grc'><strong>14111),</strong></span> <span class='ocrx_word' id='word_1_304' title='bbox 976 3565 1247 3641; x_wconf 77' lang='grc'><strong>111111111111111-</strong></span> 
     </span>
     <span class='ocr_line' id='line_1_33' title="bbox 97 3656 1247 3761; baseline -0.02 -14"><span class='ocrx_word' id='word_1_305' title='bbox 97 3689 242 3761; x_wconf 85' lang='lat' dir='ltr'><strong>phrnstus,</strong></span> <span class='ocrx_word' id='word_1_306' title='bbox 265 3699 353 3759; x_wconf 87' lang='lat' dir='ltr'><strong>quam</strong></span> <span class='ocrx_word' id='word_1_307' title='bbox 379 3682 472 3756; x_wconf 89' lang='lat' dir='ltr'><strong>ipsius</strong></span> <span class='ocrx_word' id='word_1_308' title='bbox 500 3677 641 3754; x_wconf 88' lang='lat' dir='ltr'><strong>magistri.</strong></span> <span class='ocrx_word' id='word_1_309' title='bbox 685 3675 741 3744; x_wconf 82' lang='lat' dir='ltr'><strong>Qui</strong></span> <span class='ocrx_word' id='word_1_310' title='bbox 768 3673 888 3749; x_wconf 87' lang='lat' dir='ltr'><strong>quidem</strong></span> <span class='ocrx_word' id='word_1_311' title='bbox 914 3669 1016 3727; x_wconf 83' lang='lat' dir='ltr'><strong>auctor</strong></span> <span class='ocrx_word' id='word_1_312' title='bbox 1044 3669 1098 3726; x_wconf 87' lang='lat' dir='ltr'><strong>heo</strong></span> <span class='ocrx_word' id='word_1_313' title='bbox 1123 3665 1189 3740; x_wconf 85' lang='lat' dir='ltr'><strong>ipsa</strong></span> <span class='ocrx_word' id='word_1_314' title='bbox 1207 3656 1247 3724; x_wconf 88' lang='lat' dir='ltr'><strong>¹de</strong></span> 
     </span>
     <span class='ocr_line' id='line_1_34' title="bbox 97 3769 1247 3861; baseline -0.02 -15"><span class='ocrx_word' id='word_1_315' title='bbox 97 3804 182 3848; x_wconf 86' lang='lat' dir='ltr'><strong>cause</strong></span> <span class='ocrx_word' id='word_1_316' title='bbox 204 3787 286 3861; x_wconf 85' lang='lat' dir='ltr'><strong>quod</strong></span> <span class='ocrx_word' id='word_1_317' title='bbox 308 3786 402 3856; x_wconf 81' lang='lat' dir='ltr'><strong>docet,</strong></span> <span class='ocrx_word' id='word_1_318' title='bbox 427 3784 506 3858; x_wconf 86' lang='lat' dir='ltr'><strong>quod</strong></span> <span class='ocrx_word' id='word_1_319' title='bbox 528 3797 583 3840; x_wconf 90' lang='lat' dir='ltr'><strong>sua</strong></span> <span class='ocrx_word' id='word_1_320' title='bbox 605 3776 774 3852; x_wconf 90' lang='lat' dir='ltr'><strong>diligentius</strong></span> <span class='ocrx_word' id='word_1_321' title='bbox 797 3771 925 3848; x_wconf 85' lang='lat' dir='ltr'><strong>exponit,</strong></span> <span class='ocrx_word' id='word_1_322' title='bbox 949 3783 1086 3828; x_wconf 81' lang='lat' dir='ltr'><strong>somnone</strong></span> <span class='ocrx_word' id='word_1_323' title='bbox 1108 3769 1165 3826; x_wconf 89' lang='lat' dir='ltr'><strong>hoc</strong></span> <span class='ocrx_word' id='word_1_324' title='bbox 1187 3779 1247 3824; x_wconf 91' lang='lat' dir='ltr'><strong>uno</strong></span> 
     </span>
     <span class='ocr_line' id='line_1_35' title="bbox 96 3869 1249 3961; baseline -0.02 -14"><span class='ocrx_word' id='word_1_325' title='bbox 96 3890 158 3949; x_wconf 89' lang='lat' dir='ltr'><strong>loco</strong></span> <span class='ocrx_word' id='word_1_326' title='bbox 191 3891 265 3961; x_wconf 89' lang='lat' dir='ltr'><strong>(nee</strong></span> <span class='ocrx_word' id='word_1_327' title='bbox 291 3888 370 3961; x_wconf 87' lang='lat' dir='ltr'><strong>quod</strong></span> <span class='ocrx_word' id='word_1_328' title='bbox 392 3885 494 3944; x_wconf 80' lang='lat' dir='ltr'><strong>Bonita</strong></span> <span class='ocrx_word' id='word_1_329' title='bbox 522 3884 596 3942; x_wconf 81' lang='lat' dir='ltr'><strong>salso</strong></span> <span class='ocrx_word' id='word_1_330' title='bbox 623 3878 724 3940; x_wconf 88' lang='lat' dir='ltr'><strong>statuit</strong></span> <span class='ocrx_word' id='word_1_331' title='bbox 745 3877 774 3935; x_wconf 91' lang='lat' dir='ltr'><strong>in</strong></span> <span class='ocrx_word' id='word_1_332' title='bbox 797 3875 934 3934; x_wconf 87' lang='lat' dir='ltr'><strong>universa</strong></span> <span class='ocrx_word' id='word_1_333' title='bbox 966 3879 1048 3946; x_wconf 88' lang='lat' dir='ltr'><strong>parte</strong></span> <span class='ocrx_word' id='word_1_334' title='bbox 1069 3869 1135 3928; x_wconf 87' lang='lat' dir='ltr'><strong>libri</strong></span> <span class='ocrx_word' id='word_1_335' title='bbox 1158 3869 1249 3926; x_wconf 88' lang='lat' dir='ltr'><strong>altera</strong></span> 
     </span>
     <span class='ocr_line' id='line_1_36' title="bbox 98 3974 1248 4062; baseline -0.023 -12"><span class='ocrx_word' id='word_1_336' title='bbox 98 4007 120 4050; x_wconf 90' lang='lat' dir='ltr'><strong>c.</strong></span> <span class='ocrx_word' id='word_1_337' title='bbox 136 3977 258 4062; x_wconf 49' lang='lat'><strong>640)</strong></span> <span class='ocrx_word' id='word_1_338' title='bbox 280 4005 355 4050; x_wconf 89' lang='lat' dir='ltr'><strong>usus</strong></span> <span class='ocrx_word' id='word_1_339' title='bbox 377 3998 422 4048; x_wconf 90' lang='lat' dir='ltr'><strong>est</strong></span> <span class='ocrx_word' id='word_1_340' title='bbox 443 3987 541 4062; x_wconf 89' lang='lat' dir='ltr'><strong>paullo</strong></span> <span class='ocrx_word' id='word_1_341' title='bbox 563 3981 658 4057; x_wconf 85' lang='lat' dir='ltr'><strong>magis</strong></span> <span class='ocrx_word' id='word_1_342' title='bbox 680 3979 807 4038; x_wconf 87' lang='lat' dir='ltr'><strong>rotundo</strong></span> <span class='ocrx_word' id='word_1_343' title='bbox 830 3985 859 4035; x_wconf 91' lang='grc'><strong>11</strong></span> <span class='ocrx_word' id='word_1_344' title='bbox 880 3975 1030 4044; x_wconf 88' lang='lat' dir='ltr'><strong>continuo,</strong></span> <span class='ocrx_word' id='word_1_345' title='bbox 1053 3985 1145 4046; x_wconf 81' lang='lat' dir='ltr'><strong>qurrm</strong></span> <span class='ocrx_word' id='word_1_346' title='bbox 1167 3974 1248 4026; x_wconf 88' lang='lat' dir='ltr'><strong>totus</strong></span> 
     </span>
     <span class='ocr_line' id='line_1_37' title="bbox 98 4070 1249 4166; baseline -0.021 -16"><span class='ocrx_word' id='word_1_347' title='bbox 98 4089 304 4166; x_wconf 67' lang='lat' dir='ltr'><strong>praeterere</strong></span> <span class='ocrx_word' id='word_1_348' title='bbox 337 4091 411 4150; x_wconf 86' lang='lat' dir='ltr'><strong>liber</strong></span> <span class='ocrx_word' id='word_1_349' title='bbox 444 4101 612 4148; x_wconf 82' lang='lat' dir='ltr'><strong>sennonem</strong></span> <span class='ocrx_word' id='word_1_350' title='bbox 644 4079 845 4156; x_wconf 88' lang='lat' dir='ltr'><strong>epitomatoris</strong></span> <span class='ocrx_word' id='word_1_351' title='bbox 868 4109 909 4118; x_wconf 89' lang='lat'>-</span> <span class='ocrx_word' id='word_1_352' title='bbox 932 4075 1059 4150; x_wconf 87' lang='lat' dir='ltr'><strong>epitome</strong></span> <span class='ocrx_word' id='word_1_353' title='bbox 1091 4070 1170 4128; x_wconf 91' lang='lat' dir='ltr'><strong>enim</strong></span> <span class='ocrx_word' id='word_1_354' title='bbox 1203 4076 1249 4127; x_wconf 88' lang='lat' dir='ltr'><strong>est</strong></span> 
     </span>
     <span class='ocr_line' id='line_1_38' title="bbox 98 4158 1248 4266; baseline -0.022 -13"><span class='ocrx_word' id='word_1_355' title='bbox 98 4195 208 4266; x_wconf 87' lang='lat' dir='ltr'><strong>primae</strong></span> <span class='ocrx_word' id='word_1_356' title='bbox 240 4190 444 4266; x_wconf 84' lang='lat' dir='ltr'><strong>philosophiae</strong></span> <span class='ocrx_word' id='word_1_357' title='bbox 477 4187 575 4262; x_wconf 89' lang='lat' dir='ltr'><strong>paullo</strong></span> <span class='ocrx_word' id='word_1_358' title='bbox 608 4184 717 4244; x_wconf 87' lang='lat' dir='ltr'><strong>arctius</strong></span> <span class='ocrx_word' id='word_1_359' title='bbox 751 4179 888 4240; x_wconf 87' lang='lat' dir='ltr'><strong>delinitae</strong></span> <span class='ocrx_word' id='word_1_360' title='bbox 919 4185 949 4236; x_wconf 87' lang='lat' dir='ltr'><strong>et</strong></span> <span class='ocrx_word' id='word_1_361' title='bbox 979 4191 997 4233; x_wconf 87' lang='lat' dir='ltr'><strong>a</strong></span> <span class='ocrx_word' id='word_1_362' title='bbox 1029 4158 1134 4232; x_wconf 82' lang='lat' dir='ltr'><strong>ceteris</strong></span> <span class='ocrx_word' id='word_1_363' title='bbox 1164 4169 1248 4228; x_wconf 85' lang='lat' dir='ltr'><strong>libris</strong></span> 
     </span>
     <span class='ocr_line' id='line_1_39' title="bbox 99 4273 1248 4368; baseline -0.023 -13"><span class='ocrx_word' id='word_1_364' title='bbox 99 4311 221 4368; x_wconf 91' lang='lat' dir='ltr'><strong>prorsus</strong></span> <span class='ocrx_word' id='word_1_365' title='bbox 243 4294 420 4352; x_wconf 84' lang='lat' dir='ltr'><strong>solutae-</strong></span> <span class='ocrx_word' id='word_1_366' title='bbox 442 4291 548 4349; x_wconf 84' lang='lat' dir='ltr'><strong>celerat</strong></span> <span class='ocrx_word' id='word_1_367' title='bbox 569 4288 689 4344; x_wconf 85' lang='lat' dir='ltr'><strong>brevem</strong></span> <span class='ocrx_word' id='word_1_368' title='bbox 711 4290 741 4341; x_wconf 92' lang='lat' dir='ltr'><strong>et</strong></span> <span class='ocrx_word' id='word_1_369' title='bbox 761 4281 957 4354; x_wconf 87' lang='lat' dir='ltr'><strong>interruptum</strong></span> <span class='ocrx_word' id='word_1_370' title='bbox 983 4273 1248 4347; x_wconf 81' lang='lat' dir='ltr'><strong>interrogandoque</strong></span> 
     </span>
     <span class='ocr_line' id='line_1_40' title="bbox 99 4372 1248 4471; baseline -0.022 -19"><span class='ocrx_word' id='word_1_371' title='bbox 99 4405 125 4454; x_wconf 90' lang='lat' dir='ltr'><strong>et</strong></span> <span class='ocrx_word' id='word_1_372' title='bbox 146 4396 355 4471; x_wconf 88' lang='lat' dir='ltr'><strong>respondendo</strong></span> <span class='ocrx_word' id='word_1_373' title='bbox 377 4392 585 4467; x_wconf 84' lang='lat' dir='ltr'><strong>procedentem</strong></span> <span class='ocrx_word' id='word_1_374' title='bbox 608 4387 735 4459; x_wconf 84' lang='lat' dir='ltr'><strong>ideoque</strong></span> <span class='ocrx_word' id='word_1_375' title='bbox 758 4391 790 4441; x_wconf 90' lang='lat' dir='ltr'><strong>ut</strong></span> <span class='ocrx_word' id='word_1_376' title='bbox 812 4383 971 4441; x_wconf 85' lang='lat' dir='ltr'><strong>obscurum</strong></span> <span class='ocrx_word' id='word_1_377' title='bbox 994 4378 1032 4435; x_wconf 88' lang='lat' dir='ltr'><strong>ita</strong></span> <span class='ocrx_word' id='word_1_378' title='bbox 1053 4374 1084 4432; x_wconf 91' lang='lat' dir='ltr'><strong>in</strong></span> <span class='ocrx_word' id='word_1_379' title='bbox 1097 4372 1248 4432; x_wconf 86' lang='lat' dir='ltr'><strong>codicibus</strong></span> 
     </span>
    </p>
   </div>
   <div class='ocr_carea' id='block_1_3' title="bbox 140 4475 1046 4562">
    <p class='ocr_par' dir='ltr' id='par_1_3' title="bbox 140 4475 1046 4562">
     <span class='ocr_line' id='line_1_41' title="bbox 140 4475 1046 4562; baseline -0.029 -2"><span class='ocrx_word' id='word_1_380' title='bbox 140 4520 204 4562; x_wconf 80' lang='lat' dir='ltr'><strong>ltere</strong></span> <span class='ocrx_word' id='word_1_381' title='bbox 224 4513 251 4560; x_wconf 86' lang='lat' dir='ltr'><strong>de</strong></span> <span class='ocrx_word' id='word_1_382' title='bbox 265 4511 330 4560; x_wconf 83' lang='lat' dir='ltr'><strong>libris</strong></span> <span class='ocrx_word' id='word_1_383' title='bbox 343 4507 484 4557; x_wconf 78' lang='lat' dir='ltr'><strong>Aristotelis.</strong></span> <span class='ocrx_word' id='word_1_384' title='bbox 1007 4475 1046 4539; x_wconf 79' lang='grc'><strong>11</strong></span> 
     </span>
    </p>
   </div>
   <div class='ocr_carea' id='block_1_4' title="bbox 0 0 1522 5157">
    <p class='ocr_par' dir='ltr' id='par_1_4' title="bbox 0 0 1522 5157">
     <span class='ocr_line' id='line_1_42' title="bbox 0 0 1522 5157; baseline 0 0"><span class='ocrx_word' id='word_1_385' title='bbox 0 0 1522 5157; x_wconf 95' lang='lat' dir='ltr'><strong> </strong></span> 
     </span>
    </p>
   </div>
  </div>
 </body>
</html>
