3072 5164
795 331 835 396 12

239 499 378 574 epistolas
400 518 417 560 a
440 499 590 578 Thrasyllo
613 505 774 564 recensitas
797 505 854 566 iam
876 503 1102 581 aristophanem
1126 506 1266 568 1111111111
1289 506 1392 579 oredo;

238 603 290 674 qui
311 604 428 676 quidem
453 603 570 662 Coelius
586 603 741 666 Aristotele
764 615 792 665 et
804 607 979 668 Aristoxeno
1003 608 1102 680 utitur,
1126 613 1155 668 ct
1172 601 1210 668 ita
1226 608 1346 682 quinam
1362 617 1393 668 ut

239 703 315 762 sicut
336 705 427 764 salsus
443 706 578 764 Timaeus
594 707 701 766 Timaei
713 708 852 768 Platonici
876 710 960 783 quasi
983 724 1085 768 revera
1100 709 1283 784 Pythagorici
1299 711 1393 784 epito-

238 811 332 862 mator
344 805 390 864 hie
406 807 495 865 111111
510 807 574 880 ipsa
587 807 751 868 Aristotelis
767 817 798 868 ul
808 810 938 869 Platonis
949 811 1091 885 llrchytas
1102 811 1259 884 Pompclus
1276 809 1306 870 in
1318 811 1392 870 locis

237 905 363 964 maxime
385 907 588 981 philosophiae
604 909 811 984 Pythagoricae
833 920 937 986 postca
952 912 1104 972 vindicatis
1120 920 1298 986 excerperet.
1334 911 1393 972 Nec

237 1006 335 1064 minus
358 1008 425 1066 lihri
447 1008 497 1082 qui
520 1017 589 1066 sunt
611 1010 647 1067 da
670 1026 761 1085 regno
783 1012 925 1085 Ecphanti
947 1011 1106 1073 Sthenidae
1122 1012 1292 1087 Diatogenis
1308 1011 1391 1071 dilia-

236 1115 336 1166 rentes
357 1108 399 1168 illi
421 1110 457 1167 ah
481 1109 632 1184 Archyteis
654 1113 781 1185 politicis
797 1113 1006 1172 Dicaearchum
1023 1115 1053 1174 in
1069 1113 1246 1188 quibusdam
1262 1127 1391 1185 sequen·

236 1208 314 1268 tibus
337 1209 515 1268 Macedonici
537 1213 678 1285 temporis
701 1214 797 1274 studia
819 1215 918 1274 colore
941 1213 1068 1289 quodam
1091 1213 1164 1274 salis
1186 1213 1306 1288 antiquo
1321 1227 1391 1286 pro·

235 1312 309 1368 dunt
341 1325 434 1370 novae
467 1313 652 1372 monarchiae
684 1315 886 1375 auctoritatem
920 1317 948 1374 in
979 1315 1141 1376 doctrinam
1168 1313 1323 1385 vementis,
1358 1321 1391 1372 ut

236 1411 378 1470 lihrorurn
404 1412 493 1470 huius
523 1413 665 1488 temporis
692 1415 951 1490 Peripateticorum
978 1416 1193 1476 Platonicorum
1223 1414 1388 1475 Stoicorum

235 1511 343 1584 quihus
370 1511 418 1571 alii
446 1529 564 1588 qnoque
595 1517 678 1576 multi
704 1512 963 1592 Pythagoricorum
991 1517 1171 1578 conveniunt
1195 1515 1272 1576 tituli
1300 1531 1388 1588 quam

233 1613 351 1687 plurimi
373 1615 498 1688 probant
520 1614 725 1690 (chinone).
769 1619 879 1679 Omnes
903 1637 971 1680 vero
994 1620 1060 1680 libri
1082 1616 1264 1693 Pythagorici
1288 1616 1318 1674 in
1337 1631 1388 1674 11-

232 1723 326 1774 terum
354 1724 383 1778 et
404 1733 541 1776 verorum
562 1717 811 1792 Pythagoreorum
839 1737 914 1795 quos
942 1711 1087 1796 'plurimos
1113 1726 1247 1778 recenset
1268 1718 1387 1778 lambli-

232 1819 306 1876 chus
329 1816 402 1891 267,
429 1819 505 1878 clara
528 1818 635 1896 lanulis
657 1820 832 1894 virtutisque
854 1824 996 1897 exemplis
1019 1822 1163 1894 dictisque
1186 1817 1310 1878 servatis
1333 1818 1384 1890 (ci.

231 1919 361 1994 Pompeii
376 1935 421 1996 ap.
439 1917 683 1993 honentatis
706 1939 793 1995 qoem
816 1924 914 1983 locum
936 1939 995 1984 non
1011 1921 1154 1982 intellexit
1164 1920 1385 1981 Winclaclmann

232 2020 261 2078 in
283 2021 394 2080 Platon.
419 2023 464 2080 ed.
489 2022 583 2082 Turio.
607 2023 677 2082 min.
701 2023 763 2081 Vol.
780 2021 830 2084 18.
853 2041 881 2098 p.
898 2025 956 2084 xit.
980 2057 1023 2068 -
1044 2023 1201 2096 Pompclus
1223 2019 1385 2079 veroPeri·

231 2123 374 2196 pateticus
396 2125 474 2197 apud
498 2125 578 2199 Diog.
595 2125 626 2182 L.
651 2133 680 2184 et
700 2124 823 2184 Gellium
846 2128 882 2184 ah
905 2127 961 2184 hoc
983 2127 1049 2185 loco
1070 2125 1136 2183 sine
1158 2122 1248 2182 dubio
1271 2121 1384 2180 alienus

232 2233 334 2284 est-
348 2225 455 2284 deinde
478 2226 610 2299 Philolai,
633 2227 776 2301 Archytae
799 2227 922 2286 aliorum
945 2227 1022 2300 apud
1038 2226 1156 2286 aristot.
1172 2223 1298 2286 Aristora
1311 2223 1382 2294 etc.)

231 2327 349 2386 nomina
375 2328 455 2386 velut
481 2327 671 2403 Thymaridae
694 2328 819 2402 Theagis
841 2329 924 2388 Prori
947 2321 1381 2408 01111111(11111111.230.257)

230 2428 352 2486 aliorum
376 2431 549 2503 multorum,
578 2431 614 2489 ab
636 2429 809 2488 auctoribus
834 2429 944 2488 multis,
958 2428 1089 2502 satisque
1111 2427 1236 2486 diversis
1259 2427 1381 2486 dialecto

230 2530 478 2604 Pythagoreorum
501 2531 603 2590 Dorica
626 2531 725 2605 scripti
749 2541 832 2592 crant
853 2533 929 2590 sicut
950 2531 1051 2592 Jonica
1073 2529 1212 2590 Herodoti
1229 2537 1258 2590 et
1273 2529 1381 2602 Hippo·

229 2631 316 2692 cratis
338 2639 407 2705 post
429 2631 576 2691 Christum
600 2633 685 2692 eham
709 2634 821 2693 medica
844 2634 987 2706 quaedam
1010 2639 1039 2690 et
1060 2631 1202 2690 historica
1215 2631 1380 2704 utebantur.

229 2733 343 2802 Quibus
366 2735 547 2794 accensenda
571 2750 689 2808 quoquc
712 2743 782 2794 sunt
803 2734 918 2794 Zaleuci
941 2742 971 2794 ct
992 2734 1163 2792 Charondae
1186 2747 1262 2806 qnos
1278 2739 1381 2806 postea

227 2835 424 2910 Pythagoreos
452 2837 595 2896 vocabant
622 2838 719 2911 legum
748 2837 908 2911 fragmenta
935 2837 1021 2910 plane
1048 2835 1153 2897 similia
1181 2833 1231 2906 (ci.
1255 2833 1381 2892 maxime

227 2938 368 3013 Phintyos
389 2945 419 2996 et
440 2938 620 2998 Perictionae
643 2938 677 2996 fr.
701 2945 730 2998 ct
751 2939 887 2998 Theanus
910 2937 1050 3011 epistolas
1073 2953 1118 3010 ap.
1136 2934 1277 2996 Orellium
1293 2942 1322 2993 et
1333 2935 1379 2996 his

227 3039 362 3098 similiter
385 3037 582 3113 disputantem
606 3037 710 3096 Cratct.
734 3054 780 3112 ap.
804 3040 877 3098 Plut.
901 3056 944 3112 pr.
968 3039 1044 3098 coni.
1060 3037 1112 3098 26.
1133 3038 1169 3096 cf.
1187 3035 1238 3096 31.
1253 3033 1323 3110 48.)
1341 3044 1380 3096 et

227 3142 290 3215 ipsa
314 3141 475 3215 supposita.
521 3141 555 3198 Ut
577 3156 647 3198 vero
670 3139 811 3198 librorum
834 3148 892 3200 tam
914 3140 1034 3214 antiquo
1057 3146 1189 3213 tempore
1205 3139 1279 3198 falso
1295 3138 1378 3200 titulo

226 3245 441 3319 inscriptorum¹
459 3249 538 3300 certo
562 3248 590 3298 ot
611 3242 748 3300 confesso
772 3244 906 3316 exemplo
928 3249 1003 3314 utar,
1026 3241 1084 3300 iam
1100 3241 1294 3300 Aristoxenus
1309 3240 1380 3300 dicit

226 3353 256 3406 el
276 3345 468 3404 Philochorus
492 3345 528 3402 de
544 3342 742 3416 Epicharmcis
757 3345 839 3404 lalsis
853 3345 903 3418 (ci.
919 3344 1023 3402 Jamhl.
1038 3342 1110 3403 266.
1125 3341 1195 3402 166.
1209 3340 1281 3412 228.
1300 3343 1332 3402 D.
1345 3344 1376 3402 L.

225 3445 256 3521 8,
273 3444 323 3508 78.
340 3444 370 3518 1.,
387 3445 437 3504 42.
461 3446 535 3503 Plut.
552 3445 646 3503 Numa
660 3443 681 3506 8
696 3447 781 3519 etc),
810 3446 886 3506 inter
912 3463 988 3520 quae
1014 3445 1081 3506 licet
1103 3446 1193 3505 invito
1215 3444 1377 3510 Schmidtio

107 3535 109 3541 ¹
224 3549 402 3624 Diogeniana
425 3546 510 3606 etiam
534 3546 629 3606 resero
651 3548 687 3606 ah
709 3548 820 3607 Alcime
844 3551 960 3608 rhetore
977 3546 1076 3606 Siculo
1092 3556 1207 3609 narrata
1217 3545 1377 3621 Pyrrhonis

225 3651 357 3710 iarniliari
381 3650 429 3722 (Ι).
446 3651 478 3707 L.
495 3648 524 3720 2,
543 3646 629 3720 114).
673 3649 788 3708 Etenim
810 3649 1016 3723 Epicharmum
1044 3665 1163 3723 quoquc
1191 3665 1250 3708 non
1276 3648 1376 3708 minus

225 3770 313 3828 quam
340 3752 545 3825 Empedoclem
578 3750 664 3810 cuius
694 3751 762 3810 item
790 3767 859 3810 mox
885 3751 958 3810 laisa
985 3751 1076 3809 multa
1102 3783 1142 3792 ——
1170 3759 1200 3811 et
1223 3742 1378 3834 Περσικὰ

225 3855 343 3929 quidem
377 3853 435 3915 iam
462 3831 653 3927 Theophrasti
681 3854 853 3926 aequalibus
881 3853 917 3910 cl'.
945 3851 1377 3924 Ρ11111111111.Ρ1ο111.21,22

224 3973 291 4016 cum
319 3957 392 4014 laiso
420 3956 498 4030 apud
526 3956 558 4012 D.
582 3956 613 4014 L.
637 3954 792 4014 Aristotele
820 3955 857 4012 de
884 3955 994 4029 poetis;
1027 3955 1065 4013 ita
1092 3955 1198 4014 librum
1226 3955 1375 4029 Leucippo

222 4059 371 4132 (11111.
391 4055 514 4130 1013)
548 4055 735 4130 suppositum
769 4055 825 4116 iam
849 4055 1021 4116 Aristotcles
1048 4055 1129 4116 novit
1156 4063 1186 4114 11
1212 4073 1300 4116 verus
1322 4058 1375 4128 (de

223 4164 334 4236 gener.
347 4167 376 4218 et
398 4176 472 4218 corr.
490 4155 519 4231 1,
535 4157 564 4218 8.
581 4155 654 4229 325,
671 4155 727 4229 23)
756 4165 784 4216 11
806 4158 898 4220 falsus
928 4160 981 4230 (de
1005 4158 1112 4232 Gorgia
1126 4156 1198 4230 080,
1214 4156 1265 4231 7),
1299 4151 1376 4232 eoric

222 4251 427 4324 Λευκίππου
440 4252 636 4341 λεγομένους
648 4247 783 4339 loycam
806 4260 841 4318 ci.
849 4261 1039 4334 Theophrast.
1057 4263 1093 4320 de
1105 4274 1211 4334 magno
1224 4258 1374 4320 diacosmo

222 4365 378 4427 Democriti
401 4363 463 4422 sive
484 4360 624 4434 Leucippi
648 4361 729 4426 tat..
745 4359 774 4432 0,
791 4359 832 4420 46
848 4362 1134 4436 Μ111111111111111(1).
1151 4362 1182 4420 L.
1200 4358 1230 4434 8,
1247 4359 1375 4432 57111.)
