3024 5162
699 369 761 432 235

150 532 222 593 illud
246 537 395 611 excorplar
417 539 510 599 luisse
532 543 702 618 perditum),
730 546 875 619 anxiaque
897 547 946 605 illa
969 563 1039 605 cura
1060 555 1092 606 ut
1114 547 1199 606 etiam
1221 547 1306 606 intel-

149 637 227 695 lectu
251 639 350 698 minus
372 640 499 701 diflicilia
522 646 568 703 vel
590 662 642 720 per
665 663 697 705 se
720 647 806 720 plane
827 649 954 722 petentia
977 649 1101 722 amplius
1115 649 1304 728 explicentur,

150 741 313 815 argumenti
347 742 474 818 denique
508 753 536 804 et
570 746 771 807 definitionum
805 758 921 824 praeter
953 753 1087 810 narrandi
1123 751 1305 824 docendique

147 843 355 918 loquacitatem
379 853 456 905 certa
480 855 509 906 ct
530 858 663 910 accurata
686 851 790 910 divisio
814 869 870 926 qua
887 853 1001 926 singula
1017 854 1148 912 membra
1159 853 1304 911 similibus

149 954 180 1004 et
202 947 299 1005 verbis
323 955 352 1005 ct
375 949 591 1009 enuntiatorum
614 953 715 1011 formis
739 955 821 1027 quasi
846 955 979 1012 dimensa
1006 941 1143 1028 deinceps
1167 955 1305 1028 aequabi-

148 1049 215 1106 liter
235 1057 428 1108 recensentur
451 1052 501 1124 (cl.
527 1067 550 1111 c.
567 1051 596 1111 1.
621 1043 780 1133 ὁμώνυμα
802 1050 935 1136 λέγεται
957 1037 1003 1113 ὦν
1025 1088 1109 1098 —-
1132 1043 1303 1117 otoo-—

147 1139 273 1212 τούτων
294 1145 356 1234 yde
378 1185 462 1196 --—
485 1147 543 1216 ἒδν
565 1146 625 1236 γάρ
653 1177 704 1230 τις
727 1147 884 1239 ἀποδιδῷ
912 1163 940 1214 ct
968 1172 1036 1214 mox
1063 1149 1237 1235 συνώνυμα
1265 1151 1303 1220 δέ
1367 1191 1370 1196 ·

149 1246 281 1334 λέγεται
305 1237 350 1315 οἷν
382 1289 466 1298 -—-
500 1243 572 1318 οἷον
605 1248 730 1320 ---ὃ
760 1251 820 1341 γὰρ
854 1257 937 1300 '-——-
971 1251 1029 1318 έδιν
1055 1255 1118 1342 γὰρ
1148 1250 1303 1342 ἀποδιδῷ

146 1375 198 1431 νις
213 1367 267 1435 etc.
291 1361 393 1418 eodem
417 1366 445 1416 et
468 1359 627 1434 amplitudo
661 1361 814 1419 divisionis
848 1367 876 1418 et
901 1361 1092 1434 aequabilitas
1120 1363 1206 1422 etiam
1228 1364 1259 1422 in
1281 1363 1300 1420 l.

148 1461 185 1518 de
208 1460 327 1534 interpr.
351 1461 471 1532 obtinet,
494 1463 620 1521 maxime
643 1480 667 1521 c.
692 1459 784 1535 2-3‚
808 1463 845 1521 ci.
865 1459 916 1533 16,
929 1458 1034 1523 3032
1056 1463 1164 1524 attan
1179 1463 1300 1537 1214)

147 1575 264 1638 quaque
290 1564 321 1622 in
349 1563 474 1636 singulis
501 1565 656 1638 categoriis¹
687 1581 762 1638 quae
790 1564 948 1638 singularia
976 1566 1102 1625 habeant
1125 1583 1199 1640 quae
1221 1583 1301 1624 com·

145 1665 246 1722 munia
269 1671 439 1724 constanter
460 1681 606 1739 quaerens
627 1675 729 1725 auctor
750 1667 890 1724 solennes
912 1667 979 1724 illos
1002 1669 1208 1742 disputationis
1217 1669 1299 1726 locos
1320 1729 1323 1746 Ι

146 1767 313 1826 dialecticos
337 1767 388 1841 (ci.
411 1769 480 1842 Top.
497 1767 542 1824 lV.
557 1767 595 1839 V)
619 1768 706 1825 infert
728 1783 799 1825 uum
822 1767 861 1825 sit
881 1758 1038 1840 ἐναντίον,
1061 1785 1132 1827 num
1148 1769 1300 1827 rideantur

147 1862 368 1945 ἐπιδέχεσθαι
384 1863 422 1930 νδ
434 1862 562 1947 μᾶλλον
573 1863 630 1928 καὶ
641 1852 747 1950 ἧττον,
760 1885 830 1926 num
844 1870 902 1928 siut
914 1863 1045 1930 διιπικοὶ
1056 1868 1122 1928 τῶν
1133 1860 1298 1941 ἐναντίων,

144 1971 251 2044 partim
283 1972 348 2033 illos
371 1989 386 2030 a
409 1971 565 2030 Platonicis
599 1979 733 2044 receptos
768 1971 863 2044 (velut
884 1965 1010 2047 έπιδέχ.
1033 1965 1072 2033 νδ
1093 1966 1222 2049 μᾶλλον
1243 1964 1300 2031 καὶ

144 2055 252 2154 ἧσσον,
266 2075 300 2135 ct.
315 2071 375 2133 101)
388 2071 430 2133 32
443 2063 523 2133 ένιο
533 2091 545 2132 ι
557 2065 618 2154 γὰρ
631 2069 935 2156 διαμφισβητοῦσιν
946 2081 1000 2132 etc.
1014 2075 1127 2147 etlop.
1137 2065 1198 2132 tet
1206 2070 1298 2144 b18):

144 2173 218 2232 haec
240 2175 328 2250 igitur
363 2177 460 2234 omnia
493 2176 539 2233 vel
568 2176 592 2233 si
620 2175 787 2249 neglexeris
820 2175 951 2250 ipsarum
984 2175 1109 2249 partium
1132 2191 1168 2234 ex
1191 2175 1299 2248 quibus

142 2283 283 2335 tractatus
306 2277 492 2352 componitur
514 2277 641 2351 ineptam
663 2277 821 2348 rationem,
841 2279 877 2336 ab
900 2277 1064 2336 Aristotelis
1086 2293 1210 2336 nervosa
1233 2277 1299 2334 bre·

141 2377 310 2452 vitataque
334 2373 447 2453 quaerit
480 2380 540 2436 iere
573 2378 666 2452 magis
701 2395 788 2452 quam
817 2379 902 2437 docet
931 2387 959 2437 et
980 2381 1010 2437 in
1034 2380 1100 2452 ipso
1122 2378 1298 2451 inquirendo

144 2481 231 2538 docet
253 2482 446 2554 docendoque
469 2480 590 2554 inquirit
612 2480 719 2537 mirum
742 2487 882 2552 quantum
906 2482 1048 2538 differant.
1086 2479 1180 2552 Atque
1196 2479 1298 2536 eodem

142 2583 217 2640 baec
238 2590 284 2641 est
307 2583 452 2640 semrouis
475 2582 548 2640 ratio
571 2581 601 2638 in
623 2588 684 2638 toto
707 2578 782 2638 libro
805 2582 913 2654 quippe
936 2582 986 2654 qui
1009 2597 1087 2638 unus
1109 2581 1147 2638 sit
1169 2587 1198 2638 et
1219 2580 1297 2638 eius·

143 2685 211 2743 dem
233 2683 360 2742 auctoris
383 2685 479 2742 omnis
502 2682 681 2756 minimeque
703 2683 820 2740 duobus
841 2683 887 2740 vel
910 2682 1003 2740 tribus
1026 2682 1195 2756 fragmentis
1222 2683 1298 2740 male

142 2787 309 2847 coniunctis
332 2793 454 2857 constet,
478 2786 507 2843 id
531 2785 610 2858 quod
632 2790 746 2841 veteres
768 2784 1090 2857 volebantinterpretcs
1107 2785 1192 2856 (item
1206 2785 1298 2842 Bran-

143 2890 190 2948 dis
214 2890 281 2964 Org.
298 2887 369 2948 268.
394 2888 480 2946 Arist.
498 2885 526 2958 1,
543 2881 685 2958 too-a)
709 2886 773 2960 ipsa
797 2887 833 2944 de
844 2885 1000 2945 Aristotele
1016 2887 1191 2962 praecipuae
1207 2887 1297 2962 partis

142 2998 262 3050 auctore
286 2991 423 3064 opinione
445 2988 548 3049 tradita
571 2988 678 3046 eoacti:
702 3019 743 3030 -«
765 2988 813 3046 vix
835 2989 914 3046 enim
943 2989 997 3047 erit
1030 2983 1095 3062 qui'
1113 2989 1297 3062 postpraedi-

143 3099 277 3152 camenta
311 3109 387 3166 qnae
420 3098 562 3150 vocantur
595 3092 630 3148 ab
653 3089 808 3151 Aristotele
841 3091 948 3164 scripta
982 3105 1049 3150 essa
1076 3091 1188 3161 eredat,
1222 3107 1297 3164 quae

143 3197 247 3254 eadem
270 3195 305 3252 ab
329 3196 433 3252 eodem
456 3193 553 3266 aptius
575 3199 695 3250 tractata
717 3191 834 3251 inerunt
849 3193 879 3251 in
895 3192 1101 3266 Metaphysicis
1115 3199 1144 3250 et
1153 3191 1296 3268 Physicis.

142 3299 180 3356 At
202 3313 262 3355 uon
285 3295 381 3355 solum
404 3294 587 3370 prooemium
610 3294 810 3352 necessarium
833 3303 878 3354 est
903 3295 1075 3370 (respicitur
1097 3293 1174 3352 enim
1197 3294 1227 3352 in
1251 3309 1298 3353 se-

144 3399 314 3475 quentibus,
337 3399 373 3456 ci.
396 3390 437 3458 coi
454 3386 495 3456 ’έν
516 3385 725 3478 ὑποκειμένῳ
747 3386 908 3478 ἐλέγετο
924 3393 953 3469 3,
970 3393 1011 3455 32
1029 3419 1065 3446 =
1085 3395 1113 3468 1.,
1131 3396 1181 3454 21.
1205 3397 1241 3454 ci.
1254 3393 1299 3456 31)

143 3506 219 3563 4:
239 3497 341 3561 1111
356 3517 400 3574 sq.
429 3487 601 3576 συνώνυμα
628 3491 667 3560 δέ
688 3517 725 3580 γι
747 3485 790 3582 ἦν
810 3497 893 3559 317
911 3519 946 3548 =
966 3497 994 3570 1.,
1013 3497 1041 3556 6.
1064 3504 1215 3572 praeterea
1237 3493 1298 3558 c.5
1351 3543 1355 3552 .

144 3605 248 3666 nititur
269 3605 306 3663 iis
329 3617 405 3677 qnae
428 3601 602 3660 determinat
617 3602 715 3676 eap.2
738 3611 767 3662 et
789 3593 852 3664 ὅσα
875 3595 909 3662 έν
932 3590 1014 3684 ἀρχῇ
1036 3593 1156 3684 έῤῥέδη
1169 3600 1186 3658 1.
1200 3601 1299 3658 eci

145 3708 272 3767 citantur
286 3705 352 3766 111)
368 3703 418 3777 12,
443 3712 471 3763 et
492 3720 721 3780 paronymorum
743 3705 761 3763 i.
779 3721 804 3763 e.
821 3704 851 3777 1,
868 3702 907 3762 11.
931 3703 1040 3777 possim
1053 3719 1127 3762 usus
1139 3711 1171 3762 ut
1187 3702 1230 3762 61)
1246 3701 1296 3764 13.

145 3809 198 3882 10,
214 3807 256 3869 28
268 3825 333 3882 sqq.
358 3807 422 3868 101)
438 3803 488 3868 10.
507 3805 616 3868 1112.
644 3807 694 3882 12,
711 3804 752 3868 31
784 3816 818 3866 ut
844 3823 1073 3882 synonymorum
1096 3803 1126 3879 3,
1142 3804 1192 3864 24.
1209 3803 1252 3864 31
1269 3803 1298 3879 7,

146 3927 273 3986 quorum
296 3911 415 3984 quidem
438 3910 606 3969 discrimina
629 3925 716 3970 omne
738 3913 794 3968 boe
817 3909 965 3967 dividendi
988 3909 1117 3968 studium
1141 3906 1300 3981 explicatur

145 4013 338 4089 proficiscens
360 4013 432 4070 illud
454 4013 491 4069 ab
513 4012 549 4070 iis
573 4029 648 4086 quae
670 4005 829 4094 λέγεται
852 4027 969 4085 quoque
989 4013 1077 4069 modo
1102 4010 1300 4084 distinguendi

146 4117 207 4175 siut
227 4115 298 4174 varii
323 4115 373 4189 qui
397 4114 534 4172 dicuntur
556 4115 635 4172 modi
659 4115 720 4173 sire
741 4104 864 4196 τρόποι
887 4114 973 4172 etiam
996 4114 1026 4172 in
1049 4114 1173 4188 singulis
1188 4114 1299 4172 eutium

146 4214 301 4292 categoriis
334 4217 380 4274 vel
408 4215 602 4274 divisionibus
637 4217 745 4290 quibus
774 4218 866 4277 utitur
896 4217 1002 4289 oratio,
1034 4209 1076 4277 νδ
1109 4211 1301 4292 πλεοναχῶς

146 4309 309 4401 λεγόμενα
332 4321 367 4378 ct.
384 4315 485 4380 8126
509 4317 545 4376 de
568 4317 704 4391 qualitate
726 4327 754 4378 et
777 4319 806 4378 in
828 4329 941 4394 postpr.
965 4315 1299 4391 societatem,

147 4424 182 4482 cl.
206 4417 266 4504 τῆς
287 4416 365 4505 περὶ
397 4413 435 4480 τὸ
463 4412 566 4482 ποιὸν
599 4415 842 4503 διαιρέσεως
868 4419 992 4494 10,·19)
1027 4423 1080 4480 scd
1114 4422 1200 4480 etiam
1232 4428 1300 4496 post
