3072 5164
694 379 737 443 13

138 553 337 628 Pythagoreos
365 553 425 611 sire
452 552 699 627 Pytbegercemm
727 553 882 612 familiares
910 552 1002 612 luisse
1036 551 1088 611 riri
1118 553 1194 612 docti
1223 569 1293 612 ceu-

140 655 290 728 iiciebant,
319 655 348 713 id
370 663 448 713 certe
471 653 667 729 intelligentes
690 656 742 727 (cl.
759 655 832 714 Plut.
849 655 942 713 Numa
957 653 997 712 22
1014 656 1085 726 etc.)
1107 655 1182 713 ritae
1205 653 1293 711 disci-

140 757 248 830 plinam
282 758 423 814 moralem
458 756 650 831 religionibus
682 764 775 815 tutam
807 755 933 814 maxime
965 757 1020 814 bes
1055 756 1198 827 coluisse,
1232 771 1292 814 nen

140 858 343 932 philosophiae
365 858 542 929 docuinam,
569 859 644 916 vitae
671 857 759 932 igitur
784 857 897 915 ratione
920 872 1022 915 serere
1044 855 1218 931 placitisque
1240 871 1293 930 pe-

139 959 226 1017 liticis
249 957 468 1032 Pythagorieam
492 959 711 1018 similitudinem
736 958 859 1016 deliniri.
904 957 983 1015 Libri
1005 965 1101 1016 autem
1127 959 1165 1016 illi
1188 958 1293 1032 Pytha-

139 1075 295 1134 goreorum
323 1059 518 1134 philosophici
551 1060 580 1119 in
609 1060 814 1121 bibliothecam
841 1059 1065 1117 Alexandrinam
1093 1061 1206 1119 collecti
1233 1075 1291 1117 non

139 1163 200 1230 lere
227 1162 401 1236 legebantur
433 1169 499 1219 ante
527 1163 659 1220 seculum
688 1162 816 1236 primurn
844 1162 886 1234 (a.
911 1161 994 1233 Chr.)
1029 1175 1088 1234 que
1117 1169 1147 1220 et
1172 1161 1292 1234 genuini

139 1265 232 1338 ipsius
257 1262 385 1322 Platonis
409 1269 437 1320 et
459 1277 524 1321 cum
548 1279 584 1321 eo
605 1263 787 1338 Pythagorae
809 1263 905 1322 studia
927 1262 1153 1320 resumebantur
1174 1275 1294 1335 praece·

139 1365 277 1424 dentibus
300 1365 442 1424 Antiocho
469 1369 497 1422 et
519 1363 679 1422 Posidonio
707 1371 735 1423 et
763 1363 840 1437 apud
866 1363 1015 1421 Romanos
1043 1361 1181 1421 Varrone.
1226 1362 1293 1421 blex

140 1466 274 1540 sequitur
295 1467 465 1540 Thrasyllus
487 1481 554 1524 cum
577 1466 695 1524 Eudone
717 1473 747 1525 et
769 1464 884 1524 ceteris.
923 1463 1093 1522 inveniebat
1118 1472 1189 1522 tunc
1210 1463 1293 1521 Phile
1395 1471 1399 1476 ·

139 1567 337 1628 arithmeticae
365 1566 544 1642 symbolicae
570 1582 658 1640 quam
686 1569 721 1626 ad
750 1567 948 1642 Pythagoreos
976 1566 1065 1624 relert
1091 1565 1293 1624 deditissimus

139 1670 281 1742 (maxime
304 1669 334 1726 iu
357 1668 432 1726 libre
455 1669 493 1726 de
514 1669 646 1728 numeris
669 1670 705 1727 cl.
726 1669 758 1741 ll,
774 1665 836 1728 152
860 1670 905 1727 ed.
921 1669 1026 1742 blang,
1050 1667 1141 1725 Paral.
1158 1682 1229 1725 arm.
1246 1666 1292 1724 etl.

139 1771 230 1828 Aucb.
255 1786 282 1843 p.
300 1766 378 1841 330)
411 1770 570 1843 multisque
601 1771 675 1829 locis
706 1771 934 1844 fragmentorum
965 1769 1094 1828 studium
1122 1769 1292 1836 ostendens,

140 1871 331 1929 Alexandriae
359 1885 400 1928 sc.
430 1871 459 1928 in
487 1871 680 1930 bibliothecae
706 1871 902 1931 immensitate
933 1871 1017 1944 quasi
1049 1867 1180 1943 perditos
1207 1857 1291 1940 (tvt-

138 1991 234 2048 τυχον
256 1969 543 2047 r.11‚48tttlang.)
566 1973 655 2031 Ocelli
678 1973 800 2032 Philolai
827 1973 1010 2045 aliorumque
1033 1971 1292 2046 Pythagoricorum

139 2073 231 2132 libres
254 2073 393 2131 oblivioni
416 2074 477 2131 lere
500 2082 532 2132 ut
553 2074 669 2133 videtur
690 2074 820 2147 traditos,
844 2089 919 2148 ques
942 2073 1051 2133 recenti
1067 2074 1169 2132 iraude
1184 2087 1294 2147 suppe-

140 2175 213 2234 sites
247 2174 296 2232 ille
330 2187 389 2232 nen
425 2173 598 2248 ignorasset.
650 2175 873 2235 Commentariis
904 2175 1105 2250 Pythagoricis
1139 2173 1293 2250 anonymis

139 2276 304 2336 Alexander
325 2275 490 2351 polyhistor
511 2293 584 2336 usus
607 2285 661 2336 est.
704 2278 811 2352 Legica
827 2277 970 2350 Archytae
982 2283 1050 2350 pest
1060 2276 1293 2349 Theophrastum

139 2379 246 2452 scripte
270 2377 455 2436 Andronicus
476 2377 601 2438 lectione
623 2379 737 2453 primus
759 2379 915 2454 repetiisse
938 2379 1061 2450 videtur,
1084 2379 1120 2436 cl.
1145 2378 1246 2452 Simpl.
1263 2379 1292 2436 in

139 2476 432 2539 mesentana.
466 2478 533 2537 licet
565 2479 590 2540 is
626 2496 662 2539 ex
694 2467 861 2540 coniectura
891 2486 1004 2539 tantum
1036 2479 1141 2538 dixerit
1171 2489 1200 2539 at
1232 2485 1292 2540 vert

139 2581 241 2640 simili:
279 2579 529 2654 Pythagoreorum
557 2581 635 2640 enim
670 2583 777 2656 scripta
810 2582 868 2640 iam
895 2583 1032 2656 legebant
1059 2588 1088 2641 et
1115 2581 1292 2641 Posidonius

137 2683 255 2755 (Galen.
272 2682 305 2754 V,
320 2678 400 2754 478)
423 2689 451 2740 et
473 2682 632 2758 Dionysius
654 2683 744 2742 Halia.
767 2684 815 2756 (V,
831 2681 910 2758 430)
938 2692 967 2743 et
989 2682 1154 2743 Demetrius
1176 2683 1294 2756 blegne-

139 2783 202 2842 sius
224 2783 272 2856 (h.
290 2784 321 2840 L.
336 2779 367 2856 8,
383 2779 442 2855 85)
471 2785 506 2842 ci.
531 2784 633 2843 cicere
656 2785 692 2843 de
715 2783 894 2858 erat.1,10
915 2793 944 2843 et
967 2786 1003 2843 de
1025 2783 1155 2842 Varrone
1182 2783 1292 2841 Ritschl

137 2882 443 2945 sternumenta.
466 2903 494 2959 p.
512 2881 585 2945 504.
629 2886 762 2959 Auguste
788 2894 928 2960 regnante
954 2885 1027 2942 luha
1057 2899 1109 2942 rex
1132 2890 1292 2957 auctorque

138 2985 346 3062 Pythagoricos
369 2987 425 3046 sibl
448 2988 541 3046 libros
556 2987 688 3061 collegit;
711 2986 759 3045 alii
774 2987 982 3062 Pythagoricae
998 2985 1170 3060 disciplinae
1186 3001 1292 3043 secun·

136 3091 208 3146 dum
230 3087 359 3148 Platonis
382 3105 504 3149 sensum
527 3089 687 3163 explicatae
710 3095 871 3163 auctaeque
893 3089 985 3147 libres
1001 3085 1120 3145 edidere
1136 3087 1292 3148 historicos

137 3189 218 3248 velut
244 3189 425 3261 Moderatus,
462 3191 508 3250 vel
535 3191 629 3266 ipsam
656 3189 744 3248 vitam
771 3171 990 3266 Pythagoricae]
1017 3189 1189 3248 affectabant
1214 3189 1295 3248 velut

137 3291 320 3366 Apollonius.
365 3293 429 3362 Quo
452 3293 559 3352 lactum
581 3301 628 3351 est
649 3299 681 3350 ut
696 3307 802 3351 rursus
817 3292 957 3351 Platonici
973 3292 1060 3350 simul
1076 3299 1105 3350 et
1119 3290 1292 3365 Pythagorei

137 3402 313 3454 vocarentur
333 3395 401 3455 licet
423 3397 502 3455 nrrlla
525 3395 611 3454 inerit
633 3409 721 3468 quam
744 3394 839 3452 Zeller
865 3408 983 3468 queque
1006 3392 1094 3451 babet
1116 3399 1196 3450 secta
1217 3393 1292 3451 Nae-

138 3496 334 3571 pytbagerica,
351 3499 404 3556 sed
422 3498 518 3557 studia
533 3504 645 3556 tatrtum
660 3495 848 3569 Pythagorica
860 3494 1133 3568 Neeplatonieemm
1150 3491 1290 3550 omnium.

139 3595 224 3665 Quod
257 3598 283 3655 si
318 3608 376 3673 est,
411 3600 523 3658 scilicet
555 3598 627 3657 nibil
662 3596 819 3671 scripsisse
845 3597 1057 3671 Pythagoreos,
1092 3595 1191 3652 omnia
1222 3607 1293 3651 rere

139 3700 300 3773 fragmenta
321 3701 407 3760 tertie
425 3702 482 3760 iam
503 3699 604 3759 seculo
620 3700 762 3770 extitisse,
786 3698 920 3771 seqnitur
934 3698 1118 3756 Aristotelem
1135 3695 1292 3754 traditione

138 3807 256 3875 accepta
279 3809 446 3862 namnetem
469 3810 499 3861 et
519 3801 556 3860 ab
579 3800 658 3858 omni
675 3801 773 3860 studio
788 3799 916 3859 iudicem
931 3800 1058 3859 alienum
1075 3797 1195 3857 unicum
1206 3799 1293 3856 nebis

137 3903 175 3962 de
197 3903 447 3978 Pythagoreorum
470 3901 624 3961 sententiis
648 3903 756 3961 lentem
779 3917 848 3960 esse
865 3933 908 3944 --
926 3917 994 3961 nam
1010 3902 1056 3960 vel
1073 3902 1292 3976 Theophrastus

138 4009 167 4063 et
189 4005 338 4064 Eudemus
360 4006 459 4064 minus
481 4005 551 4063 certi
575 4012 653 4077 sunt,
677 4004 724 4062 hic
746 4003 865 4077 quidem
887 4005 967 4078 qued
990 4003 1020 4063 in
1037 4003 1217 4078 Pythagorae
1240 4005 1292 4075 (de

138 4120 199 4180 quo
225 4112 291 4181 ipso
318 4123 479 4183 numquam
507 4106 594 4164 Arist
626 4113 769 4164 memorat
800 4105 858 4163 nisi
890 4120 949 4164 une
978 4107 1027 4166 ille
1054 4105 1134 4176 lece)
1166 4105 1292 4163 inventis

137 4209 324 4283 geometn'cis
347 4209 519 4268 enarrandis
530 4209 657 4266 lahularn
672 4207 845 4281 popularem
861 4214 960 4280 aperte
976 4207 1110 4281 sequitur
1124 4207 1185 4280 (ap.
1198 4206 1291 4266 Precl.

136 4311 166 4368 in
190 4309 288 4383 Eucl.)
310 4345 353 4354 -
375 4325 450 4386 quae
472 4325 541 4369 vere
564 4325 580 4368 a
602 4307 817 4383 posterioribus
838 4309 1007 4368 rumoribus
1031 4310 1193 4368 referantur
1214 4310 1293 4368 velut

136 4413 228 4470 Sexto
271 4412 417 4486 Empirice
454 4411 725 4484 Pseudeplutarcbe
762 4409 981 4483 Pseuderigene
1022 4409 1127 4468 ceteris
1170 4409 1292 4483 ipsaque
