3024 5162
737 370 800 432 250

70 561 75 570 ·
189 536 581 614 circumdecerem,
615 549 718 617 postea
741 550 837 602 autem
861 549 890 600 et
913 541 1038 600 maxime
1070 555 1161 600 senex
1184 556 1287 599 comm.
1314 541 1345 598 in

140 711 142 715 Ι
188 639 289 699 Etbiea
320 642 349 700 in
373 640 457 702 cuius
481 643 578 717 operis
600 645 747 704 Richardo
767 643 891 702 dedicati
913 644 1036 720 prologo
1059 651 1183 704 aetatem
1206 641 1269 716 ipse
1293 658 1348 700 ex-

189 750 273 801 cusat
306 744 431 819 scriptor
464 745 640 817 „Guaiterus
667 748 704 806 de
732 746 837 805 Burieo
871 761 953 806 sacre
986 745 1092 820 pagine
1126 745 1202 804 inter
1229 751 1347 802 ceteros

190 843 293 906 iloride
315 830 514 907 universitatis
537 850 672 909 doctores
695 848 835 909 minimus
859 849 1033 924 proiessor”,
1057 849 1092 907 ci.
1118 849 1225 920 Expos.
1249 845 1346 904 Gualt.

190 945 289 1006 Burlci
322 964 412 1022 super
438 952 538 1010 decem
567 951 881 1011 librosEtbic.A1·ist.
906 953 1006 1010 venet.
1031 947 1203 1018 tooure,
1233 948 1261 1006 in
1286 963 1358 1032 quo*

192 1062 297 1107 comm.
319 1059 435 1125 praeter
457 1053 635 1114 Eustratium
663 1052 788 1111 maxime
817 1053 951 1128 sequitur
974 1052 1253 1126 ‚‚Lineoiniensem“
1276 1050 1296 1107 i.
1319 1065 1348 1108 e.

191 1148 363 1224 liebertum,
385 1155 481 1214 rarius
505 1156 664 1214 bibentum.
689 1169 794 1212 comm.
812 1155 909 1214 Burlei
933 1169 1045 1229 „super
1067 1160 1133 1213 octo
1155 1153 1247 1213 libros
1270 1151 1350 1228 Pby·

192 1247 340 1309 sicorum”
361 1257 484 1330 prologo
507 1264 586 1315 caret
608 1257 637 1315 in
661 1254 790 1314 editione
812 1271 898 1329 quam
922 1255 1036 1330 inspexi
1059 1254 1159 1314 venet.
1184 1251 1294 1326 1491),
1317 1253 1350 1312 11

194 1365 282 1425 opere
303 1354 362 1426 „de
384 1356 441 1416 vita
464 1363 493 1416 et
514 1357 647 1416 moribus
669 1357 913 1431 pbilosophorum
936 1367 965 1418 et
986 1359 1153 1432 poetsrum”
1179 1357 1209 1414 in
1237 1370 1297 1430 quo
1319 1362 1353 1416 et

193 1461 306 1514 ceteros
329 1465 463 1518 auctores
484 1459 591 1518 latinos
614 1459 711 1518 medio
734 1473 806 1518 aevo
828 1460 971 1520 lectitatos
994 1465 1024 1518 et
1045 1460 1081 1518 ab
1105 1458 1242 1518 omnibus
1263 1472 1353 1530 repe·

193 1554 262 1616 titos
285 1557 347 1616 sive
369 1561 544 1620 christianos
567 1559 646 1618 velut
666 1559 876 1636 Hieronymum
899 1561 1094 1636 Augustinum
1118 1566 1172 1620 etc.
1196 1559 1258 1619 sive
1280 1573 1352 1632 pro·

195 1656 279 1716 sanos
301 1661 380 1718 velut
403 1661 696 1722 Valeriumdeilium
719 1669 773 1721 etc.
798 1664 952 1738 exscripsit
966 1672 996 1724 et
1011 1665 1090 1739 quod
1107 1661 1199 1738 rnagm
1214 1662 1353 1720 advertas

195 1767 342 1834 tamquam
365 1763 445 1823 fonte
466 1763 604 1838 primario
626 1764 710 1837 (lieet
733 1767 812 1839 quod
834 1766 950 1826 mireris
973 1782 1032 1825 non
1055 1767 1115 1825 iere
1138 1764 1196 1826 nisi
1219 1763 1248 1823 in
1269 1761 1353 1839 prin-

195 1860 271 1935 cipio
293 1863 373 1922 libri:
396 1865 501 1924 citatur
522 1865 599 1925 euim
623 1866 783 1940 „Laencius
807 1868 843 1926 de
858 1868 916 1928 rita
931 1868 1189 1943 pbilosophorum
1211 1867 1242 1924 in
1265 1881 1350 1940 capp.

195 1960 289 2036 1-7,
305 1963 442 2039 10-13,
458 1962 510 2039 31,
526 1963 577 2039 30,
594 1963 650 2040 53)
674 1984 748 2027 usus
772 1975 818 2028 est
840 1968 979 2043 Diogenis
1001 1969 1107 2028 Laertii
1130 1969 1249 2044 antiqua
1263 1968 1352 2041 longe

195 2073 262 2125 unte
283 2065 472 2127 Ambrosium
495 2068 748 2128 uamudutensem
772 2072 806 2143 (†
821 2067 921 2145 1439)
944 2071 1081 2131 versione
1095 2070 1186 2130 latina
1200 2071 1252 2144 (de
1265 2069 1352 2130 euius

195 2168 232 2227 ad
259 2173 371 2227 textum
404 2169 543 2242 Diogenis
574 2169 716 2230 Graecum
750 2172 963 2248 restituendum
998 2180 1027 2232 et
1059 2172 1258 2246 supplendum
1291 2188 1352 2230 usu

195 2269 264 2329 iicet
274 2285 346 2329 sane
358 2270 396 2328 sit
408 2270 515 2343 aliquis
529 2271 628 2344 paullo
643 2279 740 2332 mmen
755 2251 998 2335 honorificentius
1012 2275 1211 2351 pronuntiavit
1222 2281 1251 2334 et
1262 2273 1352 2332 rehe-

195 2372 322 2432 mentius
343 2372 367 2430 J.
392 2373 424 2432 G.
449 2372 611 2432 Schneider
633 2373 662 2432 in
687 2373 772 2432 Wott.
795 2371 1350 2452 11111111.1111111111227-255),

196 2473 273 2534 idem
306 2474 357 2546 ubi
386 2476 422 2532 de
449 2473 603 2534 Aristotele
637 2475 732 2550 egitur
759 2477 799 2550 (c.
816 2475 872 2554 53)
905 2479 1047 2554 quaedam
1082 2494 1157 2553 quae
1184 2485 1213 2538 ct
1239 2477 1269 2536 in
1291 2477 1353 2536 vita

196 2573 338 2634 Nunuesii
361 2580 392 2633 et
411 2574 441 2633 in
466 2574 574 2634 Graeca
598 2579 724 2652 epitome
752 2580 788 2638 de
815 2579 891 2640 vitae
918 2581 982 2640 eius
1009 2580 1095 2641 annis
1116 2582 1254 2656 leguntur
1276 2579 1351 2653 (nisi

196 2679 276 2752 quod
298 2677 376 2751 apud
398 2677 477 2736 Buri.
501 2692 601 2737 errore
623 2679 696 2738 txtt
722 2680 790 2740 anni
814 2681 951 2742 dicuutur
971 2699 1024 2758 pro
1047 2683 1148 2756 111111)
1182 2683 1264 2742 affert
1295 2681 1351 2740 ita:

196 2788 250 2854 „ut
271 2786 351 2854 patet
371 2778 402 2837 in
423 2778 501 2838 libro
523 2779 560 2838 de
582 2779 638 2840 vita
662 2780 751 2856 eius'’‚
776 2799 810 2841 ex
835 2799 893 2857 qua
914 2784 979 2858 ipsa
1001 2785 1058 2844 vita
1080 2785 1138 2846 ium
1160 2792 1245 2844 antea
1259 2798 1353 2858 quae·

197 2885 262 2943 dam
297 2898 372 2958 quae
404 2882 483 2955 apud
514 2882 697 2942 Nunnesium
732 2884 845 2958 (oeque
872 2901 905 2944 ea
933 2887 1032 2945 omnia
1057 2888 1087 2946 in
1115 2887 1226 2946 Graeco
1251 2885 1352 2959 textu)

195 2988 342 3070 habentur
361 2985 435 3062 ipsis
457 2982 556 3044 verbis
579 2984 712 3058 servatis,
735 2985 816 3046 fonte
837 2993 934 3046 tamen
952 3003 1012 3047 non
1024 2987 1152 3048 indicato
1164 2995 1353 3062 excerpserat

197 3091 248 3166 (ci.
272 3089 391 3164 capituli
406 3085 448 3149 53
470 3103 575 3148 versus
590 3085 696 3147 1-12
717 3094 746 3147 et
760 3084 887 3149 18-21
910 3096 940 3148 et
962 3105 1037 3164 quae
1059 3098 1162 3165 postea
1184 3093 1221 3150 de
1236 3089 1352 3165 palitiis

196 3199 226 3252 et
247 3192 390 3251 librorum
412 3205 535 3249 numero
558 3188 638 3248 addit
659 3190 689 3249 in
711 3190 771 3251 tine
785 3191 891 3251 iudicis
907 3207 1030 3266 operum
1041 3191 1206 3252 Aristotelis
1219 3191 1352 3251 omnium

197 3311 234 3354 ex
256 3292 371 3353 Laertio
394 3299 424 3351 et
444 3290 538 3367 ipsius
560 3291 652 3350 seculi
676 3293 713 3352 de
736 3293 853 3368 scriptis
875 3292 940 3353 eius
963 3293 1087 3354 serratis
1108 3293 1211 3352 notitia
1222 3293 1352 3368 conflati,

196 3398 265 3459 item
287 3395 385 3472 paulic
400 3400 468 3454 ante
483 3393 577 3469 ipsam
592 3393 671 3453 illam
686 3393 761 3453 vitae
773 3394 940 3456 citationem
951 3397 1040 3456 verba
1051 3397 1124 3456 baec
1138 3396 1354 3469 „Transcendit

196 3509 294 3561 autem
316 3497 365 3557 Ar.
386 3497 588 3573 philosopher
610 3503 664 3557 etc.
688 3513 784 3572 usque
806 3498 843 3558 ad
861 3498 949 3558 verba
965 3513 1041 3573 quae
1056 3499 1153 3558 statim
1169 3505 1351 3573 sequuntur:

196 3601 362 3679 „Tractabit
387 3608 485 3660 autem
511 3615 615 3660 omnes
637 3606 691 3660 ete.
724 3599 904 3659 verbotenus
937 3607 1034 3660 sumta
1061 3607 1132 3660 sunt
1156 3607 1190 3659 11
1215 3601 1272 3660 alia
1297 3617 1352 3675 per

195 3712 290 3766 totum
322 3704 429 3763 librum
455 3701 581 3778 piurima
607 3717 643 3760 ex
665 3702 844 3778 Polycratieo
877 3716 1066 3776 summopere
1100 3701 1150 3761 ilio
1176 3704 1257 3763 omui
1278 3703 1352 3763 buic

196 3823 269 3870 aevo
291 3821 347 3867 nee
380 3805 445 3866 sine
466 3805 531 3864 iure
554 3803 674 3878 diiecto,
697 3804 732 3864 ei.
750 3801 816 3879 7,6
838 3820 867 3879 p.
882 3803 949 3880 99).
994 3804 1066 3862 Utor
1094 3820 1149 3879 ego
1175 3803 1242 3863 libri
1269 3804 1351 3866 iltius

197 3909 326 3971 editione
362 3908 427 3982 sine
459 3906 587 3994 auctoris
620 3905 739 3965 nomine
773 3907 916 3984 impressa
948 3902 1222 3982 Nurinberg.1479
1255 3905 1350 3980 (Frid.

196 4011 370 4072 Creussneri
402 4009 562 4083 industria)
596 4023 671 4083 quae
704 4016 818 4068 constat
851 4009 996 4086 capitibus
1018 4006 1095 4070 tto:
1130 4009 1237 4068 desunt
1269 4008 1351 4068 enim

197 4131 279 4192 capp.
303 4116 405 4173 decem
427 4111 503 4171 inter
524 4127 587 4186 cap.
603 4110 786 4173 11011111
811 4111 873 4172 sive
894 4112 971 4172 inter
985 4113 1100 4172 xistum
1123 4117 1153 4170 et
1161 4110 1351 4185 Apollonium

196 4217 263 4292 (qui
285 4225 383 4276 tamen
405 4217 459 4290 dp.
491 4214 539 4274 bis
561 4221 733 4276 recensetur
765 4215 793 4274 iu
827 4215 893 4275 edd.
921 4213 1103 4290 plenioribus
1126 4220 1155 4273 et
1175 4220 1243 4272 ante
1265 4227 1350 4288 capp.

197 4321 227 4380 in
250 4317 426 4394 quibusdam
454 4316 562 4377 omissa
585 4324 614 4377 et
635 4325 712 4391 post,
740 4319 778 4377 ita
806 4324 838 4377 ut
860 4317 935 4376 iorte
961 4331 1021 4376 non
1043 4315 1154 4377 omissa
1176 4316 1223 4374 illa
1246 4314 1353 4374 credes

198 4424 250 4484 sed
273 4423 304 4484 in
326 4420 390 4481 aliis
413 4421 585 4497 interpoiato
608 4422 687 4496 quod
710 4413 805 4480 tamen
829 4419 951 4480 nonita
973 4421 1049 4493 est),
1077 4419 1146 4480 item
1170 4433 1261 4478 unum
1284 4424 1354 4490 post
1393 4491 1399 4500 ι
