3036 5164
673 319 734 400 1'17

122 510 187 582 (ap.
211 506 344 582 Aristaei.
369 525 428 567 see.
453 507 619 584 Olympiod.
642 509 739 568 Nunn.
763 505 856 582 pil.
879 508 915 568 el
933 506 989 582 12)
1016 505 1067 581 qui
1087 507 1133 566 vel
1155 508 1192 566 de
1213 504 1279 564 Ale-

120 610 236 668 xandro
258 609 347 682 (Plut.
363 610 443 668 Alex.
460 606 496 682 3)
528 609 589 668 lere
615 610 730 684 aequali
757 609 863 668 sabulis
891 625 950 668 non
973 607 1123 668 abstinuit.
1168 606 1279 665 Deinde

118 726 192 768 eum
214 709 348 768 videmus
374 711 405 768 in
427 709 595 769 Macedonia
622 711 741 785 degisse
769 727 836 770 cum
859 710 1023 770 Alexandro
1058 711 1111 782 (au
1133 706 1278 766 Theocriti

119 809 187 868 Cbii
210 810 389 886 epigramma
409 829 456 886 ap.
478 811 651 870 Aristoclem
674 813 781 872 Euseb.
804 814 823 870 l.
836 828 861 872 e.
886 813 966 887 biog.
983 814 1015 870 t.
1032 809 1062 884 5,
1079 807 1129 868 ll.
1151 809 1226 866 Plut.
1240 809 1277 866 de

120 909 212 970 exilio
227 909 270 972 10
296 912 457 987 genuinum
483 912 523 972 sit
548 911 708 986 uescitur),
742 915 870 973 Athenas
903 919 1007 989 postea
1033 945 1073 954 —
1107 926 1166 986 quo
1198 925 1276 968 anno

117 1010 255 1084 ignotum
277 1020 376 1072 est-
387 1029 552 1088 reversum3
576 1013 684 1087 quibus
695 1022 764 1090 post
775 1015 932 1074 Alexandri
943 1022 1067 1073 mortem
1079 1013 1140 1088 (ot.
1155 1009 1227 1083 tta,
1240 1008 1275 1083 1)

117 1127 214 1184 quum
236 1113 448 1174 democratieae
474 1115 610 1174 factionis
637 1117 738 1176 turbas
765 1123 866 1190 utpote
889 1117 1007 1176 Macedo
1030 1124 1060 1174 et
1080 1112 1276 1172 monarebieis

117 1213 254 1288 partibus
286 1215 420 1275 addictus
447 1223 589 1276 metueret
615 1217 713 1277 deuuo
739 1218 862 1289 relictis,
897 1217 1063 1277 Chalcidem
1090 1214 1172 1290 petiit
1197 1213 1275 1286 (sive

115 1315 214 1374 mavis
237 1316 436 1376 Macedoniam
458 1325 487 1376 et
509 1316 703 1378 Chalcidicam
726 1328 755 1379 et
769 1319 896 1378 amicum
906 1319 1088 1393 Antipatrum
1113 1318 1148 1376 ci.
1160 1323 1276 1390 praeter

116 1416 208 1476 vitam
240 1432 334 1491 graec.
367 1425 481 1477 textum
513 1419 618 1479 latinae
646 1437 692 1496 ap.
721 1421 852 1481 Nunnes.
879 1422 936 1480 boe
964 1423 1029 1480 loco
1051 1426 1205 1494 corruptae
1228 1434 1274 1490 ap.

113 1516 161 1574 Jo.
185 1517 353 1578 Walensem
368 1519 548 1594 Compendil.
561 1519 591 1593 3,
604 1519 634 1594 5,
646 1519 680 1582 3:
703 1523 761 1594 „lit
773 1522 925 1597 Antipater
939 1521 1106 1596 suscipiens
1117 1518 1274 1578 Alexandri

115 1633 244 1692 meum
265 1620 297 1678 in
319 1622 431 1680 honore
450 1621 637 1682 Aristotelem
659 1625 761 1684 babuit
782 1639 841 1683 uon
864 1623 964 1683 minus
980 1639 1068 1698 quam
1078 1622 1273 1694 Alexandeffl)

117 1719 169 1778 ubi
191 1720 281 1780 vitam
302 1721 396 1780 linivit
418 1722 461 1782 Ol.
479 1721 551 1796 114,
567 1719 597 1784 3.

108 1839 111 1842 ·
204 1820 285 1890 Quae
307 1837 399 1896 quum
421 1823 461 1883 ita
483 1824 556 1897 sint
576 1826 710 1885 ultimum
733 1826 879 1903 retugium
902 1827 972 1888 aliis.
990 1843 1108 1902 quoque
1124 1824 1274 1886 decausis

117 1937 209 1996 supra
230 1923 400 1984 memoratis
422 1930 669 1988 contemnendum
691 1929 888 2003 praecluditur
910 1928 946 1988 iis
969 1928 1020 2002 qui
1035 1943 1110 2002 quae
1132 1927 1273 1986 adunum

116 2023 216 2082 omnia
237 2025 338 2098 spuria
359 2025 453 2084 luisse
475 2030 621 2088 contendo
644 2045 735 2104 opera
756 2029 921 2091 Aristotelis
943 2030 1095 2105 deperdita
1123 2044 1159 2088 eo
1185 2026 1272 2086 tutari

115 2125 217 2198 velint,
241 2133 273 2186 ut
293 2127 409 2187 iuvenis
432 2144 468 2188 ea
489 2137 518 2190 et
540 2130 616 2188 viam
638 2131 777 2190 tentantis
794 2132 887 2192 luisse
899 2132 1077 2206 existiment,
1099 2131 1273 2206 praesertim

116 2241 210 2300 quum
243 2229 290 2286 vel
318 2228 460 2304 dialogice
493 2238 707 2304 postmortem
733 2233 862 2293 Platonis
891 2234 998 2308 scripta
1025 2233 1118 2292 luisse
1141 2233 1218 2292 sicut
1239 2247 1274 2290 ea

114 2343 193 2402 quae
215 2344 295 2388 nune
316 2331 454 2405 leguntur
475 2332 544 2391 iude
566 2350 584 2392 a
604 2334 721 2408 Topicis
743 2335 841 2394 omnia
863 2334 951 2394 buius
978 2335 1041 2392 aevi
1064 2335 1093 2393 in
1116 2334 1272 2393 scribendo

113 2430 143 2490 si
172 2433 326 2505 sequeutia
352 2435 453 2493 secula
480 2449 633 2508 comparas
660 2435 802 2509 parcioris
829 2443 858 2494 et
884 2433 1048 2494 studiorum
1074 2433 1180 2492 ratium
1202 2446 1273 2490 eon-

111 2531 214 2591 veuiat
235 2549 411 2608 morumque
433 2535 589 2596 urbanitati
613 2543 642 2595 et
663 2537 857 2596 uerecundiae
879 2536 1025 2610 discipuli.
1069 2536 1170 2609 Neque
1193 2533 1272 2592 enim

112 2633 178 2692 iere
204 2635 373 2695 scribebant
404 2644 519 2696 veteres
551 2645 707 2711 antequam
739 2655 794 2696 sua
820 2637 927 2711 cuique
953 2636 1099 2696 sententia
1125 2639 1273 2695 constaret

111 2749 171 2794 neo
203 2742 236 2794 ut
262 2738 359 2796 solent
391 2746 538 2799 nostrates
571 2740 647 2800 inter
680 2740 868 2800 scribendum
902 2739 1055 2798 discebant
1082 2746 1111 2798 et
1137 2737 1270 2812 ipsorum

109 2837 199 2910 quasi
232 2839 417 2912 reperiebant
448 2842 624 2901 sententiam
656 2849 723 2900 ante
757 2841 985 2912 subobscuram,
1027 2841 1082 2898 aed
1111 2837 1270 2911 perlectam

111 2936 235 2998 demum
258 2938 366 3014 scripto
388 2941 566 3000 mandabant
591 2959 650 3002 uon
673 2950 777 3017 postea
797 2943 945 3002 mutaturi.
990 2942 1030 2999 lta
1053 2940 1082 2997 in
1104 2936 1270 2999 Aristotelis

111 3055 236 3114 quoque
269 3041 353 3100 libris
381 3042 604 3118 compositionis
632 3045 751 3118 quidem
779 3051 808 3102 et
834 3044 906 3104 artis
932 3055 1122 3118 progressum
1150 3037 1176 3098 si
1202 3053 1269 3096 eum

108 3141 263 3215 prioribus
283 3144 405 3218 physica
432 3153 461 3203 et
481 3144 563 3204 zoioa
585 3147 719 3206 conteras
748 3145 831 3206 iacile
857 3160 1015 3220 agnoscas,
1049 3149 1078 3201 at
1099 3141 1194 3216 ipsius
1216 3142 1269 3200 do·
1296 3207 1308 3224 ,

109 3243 225 3303 ctriuae
252 3252 282 3303 et
308 3245 511 3320 pbilosopbiae
536 3262 732 3322 nequaquam.
781 3249 845 3306 lam
871 3263 941 3306 vero
968 3261 1005 3304 ex
1030 3260 1065 3304 ea
1091 3259 1209 3318 quoque
1237 3259 1269 3302 re

108 3346 200 3420 sequi
223 3347 284 3406 iere
311 3347 427 3408 videtur
452 3363 613 3422 numquam
641 3349 774 3424 dialogos
801 3348 959 3422 scripsisse
980 3346 1167 3406 Aristotelem
1189 3347 1269 3418 quod

107 3449 147 3508 in
167 3446 241 3521 ipsis
268 3447 433 3507 studiomm
459 3449 550 3508 initiis
576 3448 681 3524 logicis
706 3466 773 3508 eum
801 3449 900 3524 potius
927 3447 1150 3522 quaestionibus
1172 3447 1268 3520 iisque

106 3650 272 3725 telligimus
294 3683 335 3692 —
358 3666 434 3725 quae
456 3651 533 3710 enim
557 3653 594 3712 de
615 3652 782 3710 Aristotelis
803 3650 1026 3709 Rhetoricorum
1048 3656 1180 3722 tempore
1195 3649 1268 3708 dixit

107 3754 213 3826 Stabr,
240 3767 276 3811 ea
304 3753 372 3811 deta
397 3760 531 3812 suut-
553 3755 692 3827 quodque
719 3767 824 3811 omnes
851 3751 892 3809 illi
914 3751 1004 3812 libelli
1032 3749 1196 3824 singulares
1219 3765 1267 3808 res

106 3867 224 3928 easque
246 3853 463 3912 diversissimas
485 3855 566 3914 nullo
588 3854 665 3914 inter
687 3869 720 3913 se
742 3869 822 3912 nexu
843 3853 991 3911 coniuncti
1013 3857 1170 3910 tractantes
1184 3851 1215 3909 iu
1231 3867 1266 3908 eo

106 3956 256 4030 scriptore
283 3954 387 4014 merito
416 3956 546 4030 suspecti
568 3963 652 4028 suut,
681 3956 765 4014 cuius
792 3955 822 4013 iu
844 3953 955 4012 ambitu
977 3952 1179 4026 pbilosopbiae
1201 3952 1268 4008 uni·

105 4073 198 4118 verso
236 4063 336 4116 mente
373 4059 616 4134 praeoccupando
650 4065 679 4116 et
711 4054 901 4131 amplissimis
939 4054 1035 4129 iisque
1068 4067 1143 4127 quae
1175 4059 1265 4110 totam

106 4174 260 4236 quamque
282 4157 467 4232 disciplinam
489 4158 614 4233 eiusque
636 4160 717 4218 locos
740 4157 990 4232 comprehendant
1011 4139 1151 4229 operibus
1173 4169 1264 4227 quum

108 4262 196 4338 quasi
218 4269 288 4336 typo
311 4267 379 4320 ante
402 4259 548 4334 descripta
570 4266 672 4320 essent
693 4267 772 4320 eerto
794 4257 919 4334 partium
932 4254 1264 4328 ordineperseribendis

107 4379 226 4426 summa
248 4369 327 4436 patet
348 4361 457 4438 ingenii
483 4360 528 4420 νίε
551 4361 713 4436 roburque,
744 4362 888 4436 cuiusque
916 4357 1015 4416 omnia
1041 4349 1120 4430 qoae‘
1138 4355 1278 4430 legimus,
