3036 5164
815 352 875 412 ’106

271 507 389 594 ἄλλοις
410 517 571 582 δοκοῦντα
593 515 635 582 τὰ
657 519 796 604 ψευδῆ),
831 525 885 584 hos
914 525 1046 598 dialogos
1069 525 1332 598 interpretabantur
1353 541 1412 584 essu

271 623 435 682 exotericas
457 639 532 698 quos
555 623 725 682 Aristotcles
748 633 830 684 vocat
854 641 1007 684 sermones
1030 627 1127 700 itaque
1143 629 1322 686 excusabant
1336 643 1413 700 argu·

272 732 369 782 rnenlo
398 731 495 783 sumto
523 741 539 783 e
566 725 730 784 Platonicae
763 728 912 786 doctrinae
939 729 1031 786 l'orma
1058 727 1233 802 symbolica,
1267 729 1413 786 multarum

271 827 326 884 hac
347 826 521 900 ineptiarum
544 835 634 886 matre
658 830 767 901 (neque
780 829 857 886 enlm
873 830 990 888 aliunde
1004 830 1194 902 profecerunt
1209 830 1296 888 etium
1309 829 1415 886 lahulae

270 928 344 986 istae
366 930 402 988 dc
424 929 586 989 Aristotelis
615 930 690 989 sicut
716 931 895 1004 Pythagorae
924 930 1084 1003 discipulos
1107 931 1279 990 instituendi
1301 931 1415 998 ratione,

271 1031 308 1088 de
330 1031 423 1104 ipsius
445 1032 575 1090 Platonis
602 1031 735 1090 doctrina
761 1039 875 1090 secreta
900 1031 1070 1105 inscriptis
1097 1031 1181 1092 lihris
1208 1049 1269 1092 non
1291 1031 1415 1104 exposita

253 1133 428 1212 aliaeque),
451 1141 483 1191 ut
505 1133 697 1191 acroamatlca
718 1133 850 1193 dicerent
869 1133 939 1207 τοῖς
962 1123 1106 1212 ἑταίροις
1128 1134 1250 1207 scripta,
1278 1132 1416 1192 exoterica
1485 1179 1486 1188 ,

270 1251 339 1293 vero
360 1233 432 1308 τοῖς
454 1231 593 1308 πολλοῖς
615 1236 728 1310 (Galen.
746 1231 877 1306 111758)
901 1235 962 1294 sive
984 1234 1054 1309 τοῖς
1075 1224 1323 1318 ἀνεπιτηδείως
1338 1229 1417 1314 πρὸς

273 1329 481 1421 φιλοσοφίαν
513 1339 616 1411 (haria
639 1338 669 1395 in
693 1337 753 1395 Cat
769 1337 834 1396 241)
850 1336 891 1396 14
903 1340 997 1413 sqq.):
1031 1326 1126 1411 ,ἀλλ’
1150 1329 1209 1398 οὐκ
1231 1329 1302 1398 ἔστι
1324 1333 1415 1396 adura

273 1429 489 1522 φιλοσόφοο”
524 1438 713 1513 (1111111241)
733 1437 788 1515 37)
828 1455 924 1513 ueqare
957 1439 1028 1523 illud
1062 1455 1159 1514 neque
1192 1441 1257 1499 hoc.
1312 1431 1417 1511 ltialogi

270 1548 367 1600 autem
391 1541 430 1599 illi
454 1540 494 1598 ita
515 1540 638 1598 instituti
662 1547 758 1612 erant,
792 1549 824 1599 ul
846 1543 903 1616 ipsi
925 1551 1061 1601 auctores
1084 1542 1247 1616 praemisso
1271 1541 1416 1617 prooemio

270 1643 341 1717 (Cic.
366 1645 400 1701 ad
424 1640 613 1718 411416),
648 1643 727 1700 omni
748 1651 846 1702 tamen
870 1651 973 1702 omalu
996 1644 1154 1702 dramatico
1177 1644 1273 1716 ‹pualis
1295 1642 1416 1702 Platonis

270 1747 364 1804 luerat
385 1745 520 1818 neglecto
544 1741 643 1820 (Basil.
668 1744 752 1818 epist
770 1742 832 1804 135
848 1725 876 1819 p.
890 1742 962 1804 327.
979 1747 1009 1804 Τ.
1023 1746 1058 1804 lll
1074 1746 1103 1802 P.
1117 1745 1141 1802 ll
1153 1745 1198 1802 cd.
1211 1744 1302 1804 Paris.
1317 1741 1416 1816 1839),

270 1864 345 1922 quae
366 1847 424 1922 ipsi
447 1845 588 1904 docentes
615 1845 709 1921 magis
736 1863 824 1920 quam
851 1847 1034 1905 invenientes
1062 1847 1262 1919 disputassent
1284 1862 1321 1904 ea
1342 1846 1416 1904 dein·

269 1967 340 2025 ceps
373 1950 429 2007 alio
452 1956 584 2020 tempore
611 1964 677 2006 cum
706 1949 795 2008 sociis
818 1949 1080 2008 communicarent:
1126 1949 1164 2008 ita
1185 1947 1351 2008 Aristotelis
1373 1946 1415 2020 qui

269 2052 437 2110 terebantur
470 2046 542 2125 (Cic.
566 2051 602 2107 ad
625 2047 815 2122 4111319.
844 2053 879 2109 cl.
904 2043 987 2132 ἔφην
1009 2051 1037 2109 in
1061 2052 1095 2110 lr.
1118 2069 1155 2112 π.
1179 2039 1301 2130 εδ)εν.,·
1336 2065 1414 2123 quern

269 2153 370 2212 Cicera
393 2167 504 2210 morem
528 2151 657 2209 imitatus
681 2152 774 2210 estin
798 2155 816 2210 l.
841 2155 876 2211 de
899 2153 1007 2211 linihus
1030 2160 1059 2211 et
1081 2152 1109 2210 in
1133 2153 1297 2226 posteriorc
1313 2152 1415 2210 Acade·

269 2255 411 2314 micorum
435 2261 463 2312 et
485 2254 626 2311 librorum
649 2254 685 2311 de
708 2253 866 2328 Republica
889 2255 1040 2325 editione),
1074 2253 1114 2312 ila
1136 2254 1201 2312 sine
1222 2253 1313 2312 dubio
1336 2252 1414 2312 etiam

266 2359 483 2432 Theophrastus
506 2353 598 2430 (velut
619 2354 649 2413 in
673 2353 850 2414 Callisthene
866 2359 947 2430 etc),
982 2355 1021 2414 ita
1042 2355 1212 2414 Heraclides
1238 2354 1289 2428 qui
1318 2369 1414 2413 ornnes

269 2477 340 2519 suos
368 2459 459 2518 libros
485 2457 634 2516 veteribus
661 2457 881 2515 laudatissimus
909 2457 953 2529 (h.
969 2457 1001 2514 L.
1019 2453 1048 2528 5,
1064 2454 1115 2517 86.
1132 2455 1186 2536 89)
1215 2457 1334 2532 scripsit
1361 2455 1414 2514 dia·

268 2566 335 2637 logo
358 2563 386 2620 in
410 2560 509 2619 mullis
537 2567 633 2617 tamen
661 2558 748 2616 etiam
770 2559 951 2618 Platonicum
978 2575 1090 2616 morem
1123 2567 1155 2619 ut
1181 2576 1241 2618 nou
1263 2560 1414 2618 interesset

268 2665 332 2739 ipse
355 2669 474 2724 secutus
498 2659 545 2737 (cl.
570 2660 628 2719 Cic.
652 2661 689 2718 ad
711 2659 767 2718 All.
784 2659 835 2732 19,
851 2658 881 2720 3.
904 2662 939 2720 ad
954 2661 1052 2729 Quint.
1069 2659 1099 2732 3,
1115 2660 1144 2733 5,
1168 2663 1244 2720 sicul
1265 2662 1333 2735 ipse
1348 2676 1413 2734 qao·

267 2783 326 2840 que
348 2765 413 2823 sine
437 2764 526 2822 dubio
548 2762 694 2821 interdum
716 2762 889 2821 Aristoteles
910 2766 990 2822 velut
1011 2763 1040 2821 in
1058 2764 1156 2838 Gryllo
1173 2764 1359 2839 Menexeno),
1381 2762 1414 2820 ila

267 2868 410 2942 Epicurus
434 2867 520 2941 (Plul.
544 2866 607 2922 adv.
632 2863 693 2922 Col.
711 2861 742 2931 6)
771 2864 800 2920 iu
823 2865 908 2924 cuius
931 2865 1082 2940 symposio
1108 2865 1185 2924 sieut
1206 2865 1236 2922 in
1259 2864 1413 2924 Heraclidis

267 2971 383 3044 dialogo
417 2960 495 3049 περὶ
527 2964 592 3026 τῶν
624 2955 659 3026 ἐν
693 2953 820 3048 οὐρανῷ
852 2965 900 3042 (cl.
925 2968 1041 3026 Boechh
1063 2967 1163 3026 Kosm.
1191 2974 1263 3041 syst.
1288 2969 1315 3025 d.
1340 2966 1413 3024 Plato

267 3071 427 3146 134-40)
450 3084 615 3144 anonymus
638 3067 756 3140 quidam
778 3059 852 3144 (τίς)
882 3068 1031 3128 inducitur
1053 3069 1180 3126 auctoris
1202 3068 1367 3142 praesentis
1388 3069 1414 3122 ct

267 3173 443 3250 disputantis
477 3179 563 3229 tuens
597 3169 772 3227 senteutiam
809 3167 858 3243 (cl.
885 3177 1035 3242 praetcrea
1068 3169 1251 3244 dialogorum
1276 3170 1413 3228 tilulosc

266 3277 479 3351 discipulorum
506 3270 642 3346 personis
666 3277 779 3328 sumtus
803 3276 834 3329 ut
856 3271 1039 3330 Metrodorus
1062 3273 1240 3330 Timocrates
1257 3280 1312 3331 etc.
1338 3272 1368 3330 1).
1383 3270 1411 3326 L.

268 3379 317 3452 10,
333 3376 374 3437 27
387 3393 431 3449 sq.
454 3375 494 3431 ita
515 3353 679 3448 Polyaenus
702 3372 732 3430 in
756 3372 911 3448 Symposio
927 3373 962 3432 el.
981 3374 1011 3430 h.
1028 3373 1060 3430 L.
1078 3372 1128 3444 10,
1144 3373 1208 3450 24).
1247 3373 1329 3441 Quos
1345 3374 1414 3430 inter

266 3481 399 3554 dialogos
421 3475 565 3534 referendi
589 3482 658 3533 sunt
680 3490 783 3532 omnes
806 3474 846 3532 illi
870 3474 935 3532 lihri
958 3475 1044 3532 ethici
1060 3476 1186 3534 inanime
1202 3475 1309 3552 (qualis
1324 3476 1412 3532 Theo·

266 3581 394 3658 phrastci
422 3594 541 3652 quoquc
569 3585 601 3635 ut
627 3568 705 3655 περὶ
730 3569 890 3650 πένθους,
913 3566 1219 3653 coduscanorum.)
1252 3573 1411 3651 argumenti

266 3701 341 3760 quos
363 3683 452 3740 index
475 3679 613 3753 Diogenis
635 3678 747 3751 primos
770 3686 922 3736 enumerat
944 3678 987 3751 (id
1008 3680 1087 3750 quod
1111 3686 1188 3737 recle
1203 3680 1327 3738 Brandis
1342 3693 1411 3753 que

266 3801 324 3861 que
346 3783 445 3857 posuit
467 3780 584 3840 Aristot.
602 3781 622 3851 l,
637 3777 680 3840 82
692 3797 736 3854 sq.
766 3787 893 3838 ceterum
917 3781 1059 3838 librorum
1081 3779 1191 3853 quihus
1213 3780 1412 3840 dividebantur

265 3886 379 3948 numeri
403 3885 474 3944 satis
496 3883 598 3941 incerti
622 3890 704 3953 sunt,
732 3881 858 3940 maxime
881 3880 931 3954 qul
955 3883 1033 3955 apud
1056 3882 1362 3958 Dschemaleddinum)
1384 3888 1411 3938 ct

264 3989 384 4064 quidem
407 3995 521 4062 praeter
533 3987 624 4045 lihros
647 3977 724 4063 περὶ
739 3974 946 4065 φιλοσοφίας
969 3992 998 4042 et
1009 3985 1100 4044 libros
1114 3984 1222 4059 quihus
1234 3986 1410 4058 dialogorum

265 4093 353 4150 index
383 4091 459 4163 apud
488 4089 569 4162 lliog.
599 4087 698 4145 linitur
723 4079 802 4166 περὶ
825 4075 981 4166 calyculus»
1008 4088 1143 4160 dogmata
1168 4086 1316 4144 Platonica
1340 4085 1385 4144 rel
1398 4114 1410 4126 ·

265 4201 363 4253 rentes
391 4194 427 4251 de
454 4192 563 4266 quihus
596 4205 683 4262 supra
717 4187 825 4245 dictum
853 4197 899 4248 est
931 4197 959 4248 et
980 4189 1072 4248 libros
1100 4182 1178 4271 περὶ
1198 4184 1347 4268 ποιητῶν
1365 4186 1408 4263 (ο1.

264 4297 362 4355 Wenr.
381 4291 451 4353 143.
476 4293 610 4364 dialogus
639 4290 674 4348 de
698 4290 792 4363 postis
815 4289 872 4348 vita
895 4290 990 4348 Nunn.
1014 4309 1042 4366 p.
1065 4289 1118 4369 12)
1147 4293 1183 4350 de
1211 4307 1269 4364 qno
1291 4292 1359 4350 item
1382 4288 1407 4346 hi

265 4401 337 4458 lere:
371 4397 436 4454 libri
470 4386 548 4475 περὶ
579 4381 791 4472 δικαιοσύνης
823 4388 880 4468 (W.
898 4391 969 4451 142.
994 4392 1075 4452 Suid.
1100 4409 1123 4453 s.
1146 4381 1349 4473 Εὐρύβατος)
1381 4390 1408 4448 in
