3072 5164
669 367 710 428 27

112 547 212 600 tonent
236 538 343 600 studiis
366 573 404 582 -
428 541 464 600 el.
489 537 591 598 Martio
614 537 644 595 in
667 539 757 612 prael.
782 541 817 598 ad
841 541 950 599 Theon.
975 541 1090 615 Smyru.
1107 548 1266 600 astronom.

114 659 142 716 p.
160 641 202 702 te
214 659 279 718 sqq.
303 644 355 716 (ol.
371 643 422 702 22.
440 641 490 702 59.
507 638 557 702 73.
575 639 648 712 79);
684 642 721 698 dc
743 641 936 700 Eratosthene
958 642 995 700 el.
1018 642 1128 701 Theon.
1152 643 1266 701 arithm.

115 745 219 818 praet,
241 745 343 802 Jambl.
367 761 413 818 ap.
438 743 518 802 Stob.
543 744 602 801 ldcl.
626 744 710 818 phys
723 742 797 816 904,
820 744 913 802 Proel.
930 741 1269 804 inlini.186e.etc.-

116 853 219 904 coutra
244 845 334 904 l'alsos
361 851 533 919 praesentes
548 830 774 918 'qttodammodo
802 846 895 905 luisse
920 845 1090 904 credideris.
1133 846 1270 915 Quodsi

114 956 295 1006 tamennon
319 947 381 1020 luit,
404 947 433 1006 id
456 954 535 1006 corte
556 953 634 1019 patet
656 947 784 1006 Platonis
807 961 925 1022 quoque
948 947 1019 1006 lalsa
1042 947 1099 1005 iam
1110 949 1272 1022 antiquitus

116 1057 186 1108 nota
207 1049 299 1108 fuisse
322 1058 351 1109 et
372 1049 449 1107 siout
471 1063 545 1122 quae
568 1063 657 1121 supro
679 1049 835 1106 renocnsui
858 1047 983 1122 plurima
1005 1049 1220 1109 Socraticorum
1243 1058 1272 1110 el

116 1151 382 1226 Pythagoreorum,
417 1149 599 1222 hippocratis
632 1157 661 1208 et
688 1149 860 1220 Democriti,
895 1157 1107 1224 poetarumque
1140 1153 1272 1211 omnium

117 1249 270 1328 epicorum
301 1259 330 1312 et
356 1253 393 1310 de
424 1251 532 1325 quibus
561 1251 591 1310 C.
615 1251 720 1310 hlttllor
750 1251 809 1324 egit
840 1257 972 1308 veterum
998 1259 1065 1309 ante
1091 1252 1272 1312 Herodotum

117 1355 326 1414 historicorum
359 1355 440 1412 velut
472 1353 569 1412 ficticii
601 1353 681 1412 illius
715 1352 816 1412 Cadmi
844 1351 948 1410 Milesii
978 1353 1098 1425 (Milller
1119 1354 1165 1411 Fr.
1188 1355 1215 1412 h.
1239 1356 1272 1428 ll,

117 1454 209 1532 1123),
233 1455 356 1515 Aristaei
378 1454 579 1527 Proconnesii,
601 1454 835 1529 Amelcsegorae,
859 1462 888 1513 et
903 1469 991 1528 quern
1006 1469 1166 1528 numquam
1182 1457 1274 1517 luisse
1360 1483 1362 1488 ¹

49 1597 51 1601 -
117 1565 190 1633 pulo
212 1557 318 1616 Xanthi
341 1557 424 1632 Lydi,
447 1556 571 1614 aliorum
594 1556 646 1629 (cl.
672 1557 790 1632 Dionys.
814 1573 882 1631 opp.
906 1557 980 1614 rhet.
1003 1553 1114 1629 peel.
1138 1557 1274 1618 Hecataei

118 1675 239 1735 quoque
264 1659 369 1718 Milesii
402 1667 430 1717 et
457 1657 596 1716 llellanici
631 1671 699 1716 cum
731 1658 809 1717 veris
837 1657 909 1716 laisa
935 1637 1026 1716 multa
1047 1658 1221 1718 ,terebantur
1247 1669 1276 1720 et

118 1761 238 1836 quidem
266 1759 386 1835 antiquo
417 1761 474 1818 iam
501 1766 648 1833 tempore;
676 1759 810 1818 Hecataei
838 1775 913 1833 opus
941 1762 1099 1834 geograph.
1128 1761 1185 1819 iam
1207 1769 1275 1822 ante

119 1864 338 1923 Callimachum.
388 1859 529 1920 llellanici
558 1860 754 1918 Cerneonices
781 1867 810 1918 et
837 1859 1011 1919 Sacerdotes
1036 1861 1161 1921 lunonis
1183 1895 1225 1906 -
1247 1872 1277 1924 et

119 1965 263 2025 Charonis
286 1981 404 2039 quoque
426 1963 501 2022 liber
522 1977 582 2020 uno
604 1969 717 2020 tantum
740 1961 848 2020 Suidae
869 1961 1038 2022 testimonio
1061 1963 1192 2024 Armatus
1213 1981 1275 2024 ma-

118 2068 197 2126 xime
220 2075 378 2141 suspectus
400 2073 446 2124 est
467 2095 508 2106 -
530 2064 663 2121 noudum
686 2064 805 2122 novisse
827 2063 943 2121 videtur
957 2065 1125 2125 Heraclides
1137 2067 1276 2128 Ponticus

120 2187 166 2244 ap.
200 2169 275 2228 Plut.
310 2169 346 2226 de
379 2183 456 2225 mus.
473 2163 502 2226 3.
537 2165 573 2223 cf.
597 2165 717 2238 Dionys.
740 2167 773 2222 A.
797 2166 830 2222 R.
854 2163 884 2237 t,
902 2164 957 2240 72;
996 2167 1098 2226 dubito
1125 2177 1276 2242 praeterea

122 2273 167 2330 de·
181 2271 293 2330 llellan.
317 2271 352 2327 lr.
365 2266 438 2342 143,
461 2269 497 2327 ol.
511 2264 561 2328 53.
583 2261 626 2326 τὰ
649 2259 711 2347 γὰρ
732 2259 954 2328 Ακουσιλάου
975 2259 1155 2330 νοθεύεται
1177 2273 1276 2346 Suid.)

121 2373 228 2448 partim
255 2371 518 2430 Alexandrinorum
546 2369 829 2444 pseudepigraphiae
858 2371 1020 2444 primisque
1048 2373 1278 2434 bibliothecariis

122 2474 224 2535 deberi
247 2473 299 2547 (cf.
322 2474 443 2532 Ritschl.
467 2473 509 2530 Al.
523 2470 596 2530 Ribl.
614 2487 642 2544 p.
654 2470 697 2532 40
720 2473 756 2530 de
779 2472 863 2531 libris
885 2467 1076 2556 commixtis),
1098 2476 1203 2548 partim
1224 2477 1278 2536 ho·

123 2593 189 2636 rum
222 2577 355 2650 ipsorum
388 2574 560 2635 auctoritate
594 2579 623 2634 et
656 2575 713 2634 fide
746 2573 917 2633 confirmata
944 2591 1025 2646 esse,
1060 2575 1110 2634 ubi
1138 2576 1195 2651 ipsi
1221 2578 1279 2635 iam

123 2685 260 2738 auctores
282 2678 420 2752 anonymi
442 2677 528 2735 elaris
551 2691 639 2750 quem
662 2676 725 2735 suis
748 2675 918 2734 nominibus
934 2675 975 2732 uti
988 2676 1162 2735 maluissent
1173 2693 1280 2737 secun-

124 2783 194 2841 dum
216 2795 330 2839 morem
357 2789 461 2854 postea
486 2779 574 2839 etiam
600 2779 759 2852 vulgarem,
787 2777 867 2835 velut
889 2777 1052 2834 fabularum
1074 2779 1280 2838 amatoriarum

124 2883 318 2957 scriptoribus
342 2897 468 2956 quorum
490 2880 609 2956 plurimi
635 2879 743 2938 veteris
765 2879 844 2937 illius
866 2877 1069 2952 Xenophontis
1093 2886 1122 2936 et
1143 2895 1280 2940 sermone

125 2995 154 3046 ct
175 2992 349 3060 argumento
371 2983 487 3057 cognati
509 2983 626 3041 titulum
649 2980 835 3054 arripiebant.
881 2982 977 3039 Minus
1000 2980 1029 3038 in
1053 2981 1107 3038 hac
1129 2995 1161 3038 re
1183 2983 1281 3041 valere

125 3089 254 3157 uidetur,
284 3086 362 3159 quod
390 3087 427 3144 de
454 3083 610 3143 Aristotele
637 3083 690 3157 (el.
714 3081 900 3140 Aristotelem
923 3083 1072 3142 rhetorem
1094 3081 1127 3139 D.
1140 3083 1172 3139 l..
1185 3082 1216 3155 2,
1229 3081 1280 3144 63.

126 3187 156 3264 5,
168 3186 227 3262 35)
250 3186 341 3246 sumit
361 3188 462 3260 David,
485 3192 639 3244 auctorum
662 3186 907 3258 homonymorum
923 3184 1069 3256 conlusio,
1093 3199 1151 3256 qna
1162 3185 1281 3258 quidem

127 3291 273 3366 explicaro
306 3295 356 3347 aut
387 3289 489 3348 titulos
523 3302 599 3362 quos
633 3287 724 3345 salsos
751 3299 818 3343 esse
844 3285 1048 3344 intellexerant
1075 3292 1125 3343 aut
1152 3286 1283 3348 diversas

127 3394 257 3453 rationes
290 3389 513 3464 chronologicas
546 3389 707 3463 proclivius
733 3395 848 3446 veteres
876 3387 967 3445 critici
996 3388 1130 3446 solebant
1156 3390 1286 3460 (Bellen

128 3489 238 3555 Aoecd'.
262 3493 295 3564 ll,
316 3509 346 3566 p.
359 3488 432 3563 785,
456 3492 492 3550 cl.
516 3492 592 3549 duos
615 3490 766 3563 Lycurgos
787 3487 897 3546 Timaei
909 3489 943 3547 lr.
955 3485 1008 3558 47,
1024 3490 1100 3546 duos
1116 3489 1284 3551 Simonides

130 3597 206 3656 Ceos
229 3595 308 3652 llttlt.
332 3595 368 3652 ad
391 3594 490 3652 blarru.
515 3594 578 3651 Par.
603 3609 630 3665 p.
644 3588 716 3661 584,
741 3591 816 3648 duos
837 3587 1023 3663 Pherecydes
1045 3590 1193 3650 Andronis
1205 3593 1237 3650 lt.
1250 3595 1283 3652 L.

128 3693 235 3769 1,119
259 3695 294 3753 el.
318 3695 400 3754 Suid.
423 3711 448 3754 s.
471 3711 498 3753 v.
522 3701 674 3768 praeterea
695 3693 731 3751 cl.
755 3692 787 3749 lt.
801 3691 832 3749 L.
852 3687 881 3762 t,
894 3687 937 3750 98
948 3707 992 3764 sq.
1017 3691 1097 3750 Suid.
1120 3709 1144 3752 s.
1161 3694 1282 3770 Emped.

131 3799 210 3860 idem
231 3814 257 3856 s.
270 3796 407 3871 llippocr.
423 3798 474 3856 ubi
486 3798 521 3855 cl'.
535 3797 638 3856 Soran.
656 3794 705 3854 vit.
719 3801 802 3865 extu,
815 3791 954 3866 Stephon.
967 3793 1076 3867 Expos.
1089 3795 1120 3853 in
1130 3796 1285 3872 Prognost.

131 3901 262 3978 p.4sq.,
289 3898 389 3974 Stcpb.
416 3899 484 3974 Byz.
509 3915 533 3958 s.
556 3894 647 3970 Κῶς.
671 3896 822 3956 scatebant
842 3893 951 3953 talibus
973 3896 1124 3956 erroribus
1150 3899 1286 3960 Demetrii

132 4001 274 4078 hlognesii
297 4009 327 4062 et
349 4000 486 4076 llesychii
509 4015 613 4074 opera:
648 4015 684 4058 ex
706 3999 764 4055 hoe
785 3995 821 4055 el.
844 3996 1047 4071 'tyranniones
1068 4000 1199 4059 Soranos
1221 4001 1288 4062 Phi-

133 4107 270 4166 lostratos
293 4110 374 4177 etc).
424 4103 553 4162 Probent
585 4103 641 4159 boc
668 4099 751 4159 multi
779 4098 820 4158 illi
847 4098 990 4172 Archytae
1022 4101 1117 4171 (velut
1138 4101 1288 4163 Themistii

135 4207 183 4267 ille
206 4207 433 4280 Peripateticus;
456 4205 492 4263 de
515 4202 622 4262 ceteris
645 4204 680 4261 el.
704 4203 871 4262 Beelmann
894 4197 965 4274 μθ.
978 4198 1036 4275 te)
1058 4210 1088 4262 et
1108 4203 1289 4278 Pythagorae

137 4311 231 4382 (velut
252 4307 369 4380 athleta,
392 4305 549 4378 Phliasius,
567 4306 739 4379 Spartanus,
756 4302 942 4380 Zacynthios,
960 4303 1290 4365 Crotoniata—aueto-

138 4427 198 4472 rem
220 4419 319 4471 tamen
342 4426 444 4470 revera
466 4408 616 4470 diversum
639 4406 705 4467 libri
722 4408 759 4468 de
771 4406 843 4466 mari
857 4405 947 4465 rubro
958 4403 1115 4466 Ptolemaei
1127 4407 1290 4467 secundum
