<?xml version="1.0" encoding="UTF-8"?>
<!DOCTYPE html PUBLIC "-//W3C//DTD XHTML 1.0 Transitional//EN"
    "http://www.w3.org/TR/xhtml1/DTD/xhtml1-transitional.dtd">
<html xmlns="http://www.w3.org/1999/xhtml" xml:lang="en" lang="en">
 <head>
  <title>
</title>
<meta http-equiv="Content-Type" content="text/html;charset=utf-8" />
  <meta name='ocr-system' content='tesseract 3.04.00' />
  <meta name='ocr-capabilities' content='ocr_page ocr_carea ocr_par ocr_line ocrx_word'/>
</head>
<body>
  <div class='ocr_page' id='page_1' title='image "./dearistotelisli01rosegoog_0100.png"; bbox 0 0 3036 5164; ppageno 0'>
   <div class='ocr_carea' id='block_1_1' title="bbox 659 347 701 408">
    <p class='ocr_par' dir='ltr' id='par_1_1' title="bbox 659 347 701 408">
     <span class='ocr_line' id='line_1_1' title="bbox 659 347 701 408; baseline 0 0"><span class='ocrx_word' id='word_1_1' title='bbox 659 347 701 408; x_wconf 93' lang='grc'>93</span> 
     </span>
    </p>
   </div>
   <div class='ocr_carea' id='block_1_2' title="bbox 96 507 1261 4478">
    <p class='ocr_par' dir='ltr' id='par_1_2' title="bbox 96 507 1261 4478">
     <span class='ocr_line' id='line_1_2' title="bbox 101 507 1256 600; baseline 0 -26"><span class='ocrx_word' id='word_1_2' title='bbox 101 517 184 576; x_wconf 87' lang='lat' dir='ltr'>Stob.</span> <span class='ocrx_word' id='word_1_3' title='bbox 197 513 248 589; x_wconf 98' lang='grc'>98,</span> <span class='ocrx_word' id='word_1_4' title='bbox 261 515 300 576; x_wconf 94' lang='grc'><strong>71</strong></span> <span class='ocrx_word' id='word_1_5' title='bbox 314 517 381 595; x_wconf 80' lang='lat' dir='ltr'>eto.)</span> <span class='ocrx_word' id='word_1_6' title='bbox 405 525 434 577; x_wconf 93' lang='lat' dir='ltr'>et</span> <span class='ocrx_word' id='word_1_7' title='bbox 456 509 648 600; x_wconf 81' lang='grc' dir='ltr'><strong><em>εἷλικρένεια</em></strong></span> <span class='ocrx_word' id='word_1_8' title='bbox 669 515 734 579; x_wconf 80' lang='grc' dir='ltr'>τῶν</span> <span class='ocrx_word' id='word_1_9' title='bbox 757 507 928 595; x_wconf 77' lang='grc' dir='ltr'><em>στοιχείων</em></span> <span class='ocrx_word' id='word_1_10' title='bbox 951 515 1055 596; x_wconf 85' lang='lat' dir='ltr'>(Praei.</span> <span class='ocrx_word' id='word_1_11' title='bbox 1069 518 1097 575; x_wconf 94' lang='lat' dir='ltr'>in</span> <span class='ocrx_word' id='word_1_12' title='bbox 1111 517 1181 575; x_wconf 86' lang='lat' dir='ltr'>Tim.</span> <span class='ocrx_word' id='word_1_13' title='bbox 1195 513 1256 577; x_wconf 99' lang='grc'>154</span> 
     </span>
     <span class='ocr_line' id='line_1_3' title="bbox 99 616 1254 694; baseline 0 -18"><span class='ocrx_word' id='word_1_14' title='bbox 99 620 136 676; x_wconf 80' lang='lat' dir='ltr'>ei.</span> <span class='ocrx_word' id='word_1_15' title='bbox 163 617 227 678; x_wconf 87' lang='lat' dir='ltr'>eod.</span> <span class='ocrx_word' id='word_1_16' title='bbox 250 619 341 678; x_wconf 86' lang='lat' dir='ltr'>Paris.</span> <span class='ocrx_word' id='word_1_17' title='bbox 365 616 449 680; x_wconf 88' lang='grc'>1832</span> <span class='ocrx_word' id='word_1_18' title='bbox 471 637 517 694; x_wconf 89' lang='lat' dir='ltr'>ap.</span> <span class='ocrx_word' id='word_1_19' title='bbox 541 621 629 680; x_wconf 87' lang='lat' dir='ltr'>Bekk.</span> <span class='ocrx_word' id='word_1_20' title='bbox 654 621 751 681; x_wconf 87' lang='lat' dir='ltr'>Schol.</span> <span class='ocrx_word' id='word_1_21' title='bbox 775 622 844 681; x_wconf 88' lang='lat' dir='ltr'>Plat.</span> <span class='ocrx_word' id='word_1_22' title='bbox 873 620 972 694; x_wconf 86' lang='lat' dir='ltr'>ibique</span> <span class='ocrx_word' id='word_1_23' title='bbox 995 621 1107 678; x_wconf 79' lang='lat' dir='ltr'><strong>Taurus</strong></span> <span class='ocrx_word' id='word_1_24' title='bbox 1130 619 1160 678; x_wconf 93' lang='lat' dir='ltr'>in</span> <span class='ocrx_word' id='word_1_25' title='bbox 1183 619 1254 678; x_wconf 86' lang='lat' dir='ltr'><strong>Tim.</strong></span> 
     </span>
     <span class='ocr_line' id='line_1_4' title="bbox 99 716 1256 797; baseline 0.002 -19"><span class='ocrx_word' id='word_1_26' title='bbox 99 737 128 793; x_wconf 89' lang='lat' dir='ltr'>p.</span> <span class='ocrx_word' id='word_1_27' title='bbox 142 716 206 780; x_wconf 97' lang='grc'><strong>186</strong></span> <span class='ocrx_word' id='word_1_28' title='bbox 229 720 259 779; x_wconf 94' lang='lat' dir='ltr'>in</span> <span class='ocrx_word' id='word_1_29' title='bbox 282 723 327 781; x_wconf 93' lang='lat' dir='ltr'>ed.</span> <span class='ocrx_word' id='word_1_30' title='bbox 351 721 446 780; x_wconf 88' lang='lat' dir='ltr'>Turio.</span> <span class='ocrx_word' id='word_1_31' title='bbox 471 723 551 796; x_wconf 85' lang='lat' dir='ltr'>min,</span> <span class='ocrx_word' id='word_1_32' title='bbox 575 724 668 783; x_wconf 88' lang='lat' dir='ltr'>Piotin</span> <span class='ocrx_word' id='word_1_33' title='bbox 693 726 729 783; x_wconf 90' lang='lat' dir='ltr'>de</span> <span class='ocrx_word' id='word_1_34' title='bbox 751 723 863 781; x_wconf 91' lang='lat' dir='ltr'>mundo</span> <span class='ocrx_word' id='word_1_35' title='bbox 886 718 948 782; x_wconf 91' lang='grc'>189</span> <span class='ocrx_word' id='word_1_36' title='bbox 962 738 1038 795; x_wconf 87' lang='lat' dir='ltr'>sqq,</span> <span class='ocrx_word' id='word_1_37' title='bbox 1061 721 1202 797; x_wconf 85' lang='lat' dir='ltr'>Porphyr.</span> <span class='ocrx_word' id='word_1_38' title='bbox 1226 721 1256 780; x_wconf 91' lang='lat' dir='ltr'>in</span> 
     </span>
     <span class='ocr_line' id='line_1_5' title="bbox 98 815 1256 909; baseline 0.005 -31"><span class='ocrx_word' id='word_1_39' title='bbox 98 821 173 880; x_wconf 81' lang='lat' dir='ltr'>Tim.</span> <span class='ocrx_word' id='word_1_40' title='bbox 187 818 260 896; x_wconf 93' lang='grc'>187,</span> <span class='ocrx_word' id='word_1_41' title='bbox 277 824 376 909; x_wconf 73' lang='lat' dir='ltr'>Proui.</span> <span class='ocrx_word' id='word_1_42' title='bbox 390 822 453 886; x_wconf 92' lang='grc'><strong>188</strong></span> <span class='ocrx_word' id='word_1_43' title='bbox 465 815 538 903; x_wconf 78' lang='lat' dir='ltr'>sq),</span> <span class='ocrx_word' id='word_1_44' title='bbox 567 826 617 900; x_wconf 91' lang='lat' dir='ltr'>qui</span> <span class='ocrx_word' id='word_1_45' title='bbox 645 825 763 900; x_wconf 91' lang='lat' dir='ltr'>quidem</span> <span class='ocrx_word' id='word_1_46' title='bbox 791 825 952 883; x_wconf 83' lang='lat' dir='ltr'><strong>doctrinam</strong></span> <span class='ocrx_word' id='word_1_47' title='bbox 981 823 1080 883; x_wconf 89' lang='lat' dir='ltr'>retulit</span> <span class='ocrx_word' id='word_1_48' title='bbox 1102 840 1139 883; x_wconf 86' lang='lat' dir='ltr'>ex</span> <span class='ocrx_word' id='word_1_49' title='bbox 1161 823 1256 884; x_wconf 84' lang='lat' dir='ltr'>Plato-</span> 
     </span>
     <span class='ocr_line' id='line_1_6' title="bbox 98 925 1257 1002; baseline 0.001 -20"><span class='ocrx_word' id='word_1_50' title='bbox 98 925 169 982; x_wconf 84' lang='lat' dir='ltr'>nica</span> <span class='ocrx_word' id='word_1_51' title='bbox 191 933 219 983; x_wconf 88' lang='lat' dir='ltr'>et</span> <span class='ocrx_word' id='word_1_52' title='bbox 240 927 430 1002; x_wconf 84' lang='lat' dir='ltr'>Peripatetico</span> <span class='ocrx_word' id='word_1_53' title='bbox 454 929 489 986; x_wconf 91' lang='lat' dir='ltr'>de</span> <span class='ocrx_word' id='word_1_54' title='bbox 512 927 615 986; x_wconf 88' lang='lat' dir='ltr'>mundi</span> <span class='ocrx_word' id='word_1_55' title='bbox 638 927 782 988; x_wconf 86' lang='lat' dir='ltr'>sententia</span> <span class='ocrx_word' id='word_1_56' title='bbox 805 941 898 1000; x_wconf 91' lang='lat' dir='ltr'>eaque</span> <span class='ocrx_word' id='word_1_57' title='bbox 921 943 1008 1000; x_wconf 89' lang='lat' dir='ltr'>quam</span> <span class='ocrx_word' id='word_1_58' title='bbox 1030 933 1178 999; x_wconf 78' lang='lat' dir='ltr'>tamquam</span> <span class='ocrx_word' id='word_1_59' title='bbox 1201 925 1257 1001; x_wconf 80' lang='lat' dir='ltr'>Py-</span> 
     </span>
     <span class='ocr_line' id='line_1_7' title="bbox 98 1027 1254 1102; baseline 0.003 -18"><span class='ocrx_word' id='word_1_60' title='bbox 98 1027 309 1101; x_wconf 83' lang='lat' dir='ltr'>thagoreorum</span> <span class='ocrx_word' id='word_1_61' title='bbox 335 1030 489 1088; x_wconf 77' lang='lat' dir='ltr'>traditione</span> <span class='ocrx_word' id='word_1_62' title='bbox 519 1029 652 1102; x_wconf 79' lang='lat' dir='ltr'>famaque</span> <span class='ocrx_word' id='word_1_63' title='bbox 680 1027 792 1102; x_wconf 79' lang='lat' dir='ltr'>aceepit</span> <span class='ocrx_word' id='word_1_64' title='bbox 813 1027 984 1088; x_wconf 83' lang='lat' dir='ltr'>Aristoteles</span> <span class='ocrx_word' id='word_1_65' title='bbox 1006 1027 1080 1086; x_wconf 89' lang='lat' dir='ltr'>mire</span> <span class='ocrx_word' id='word_1_66' title='bbox 1102 1029 1254 1088; x_wconf 83' lang='lat' dir='ltr'>conflatam</span> 
     </span>
     <span class='ocr_line' id='line_1_8' title="bbox 99 1125 1253 1209; baseline 0.002 -23"><span class='ocrx_word' id='word_1_67' title='bbox 99 1137 189 1202; x_wconf 90' lang='lat' dir='ltr'>atque</span> <span class='ocrx_word' id='word_1_68' title='bbox 212 1129 364 1190; x_wconf 79' lang='lat' dir='ltr'>oonmsam</span> <span class='ocrx_word' id='word_1_69' title='bbox 388 1127 447 1206; x_wconf 86' lang='lat' dir='ltr'>(ap.</span> <span class='ocrx_word' id='word_1_70' title='bbox 460 1131 493 1188; x_wconf 88' lang='grc' dir='ltr'>Β.</span> <span class='ocrx_word' id='word_1_71' title='bbox 504 1129 569 1209; x_wconf 90' lang='grc'>94),</span> <span class='ocrx_word' id='word_1_72' title='bbox 594 1132 683 1190; x_wconf 90' lang='lat' dir='ltr'>altera</span> <span class='ocrx_word' id='word_1_73' title='bbox 704 1145 774 1188; x_wconf 89' lang='lat' dir='ltr'>vero</span> <span class='ocrx_word' id='word_1_74' title='bbox 797 1129 879 1203; x_wconf 82' lang='lat' dir='ltr'>regio</span> <span class='ocrx_word' id='word_1_75' title='bbox 902 1130 940 1189; x_wconf 90' lang='lat' dir='ltr'>sit</span> <span class='ocrx_word' id='word_1_76' title='bbox 955 1129 1121 1188; x_wconf 82' lang='lat' dir='ltr'>sublunaris</span> <span class='ocrx_word' id='word_1_77' title='bbox 1138 1125 1253 1206; x_wconf 86' lang='lat' dir='ltr'>(Philoi.</span> 
     </span>
     <span class='ocr_line' id='line_1_9' title="bbox 98 1223 1256 1316; baseline 0.004 -28"><span class='ocrx_word' id='word_1_78' title='bbox 98 1226 238 1302; x_wconf 81' lang='lat'><strong>95,167.</strong></span> <span class='ocrx_word' id='word_1_79' title='bbox 262 1231 351 1306; x_wconf 82' lang='lat' dir='ltr'><strong>Eoph.</strong></span> <span class='ocrx_word' id='word_1_80' title='bbox 365 1231 416 1304; x_wconf 91' lang='grc'>48,</span> <span class='ocrx_word' id='word_1_81' title='bbox 429 1231 480 1292; x_wconf 88' lang='grc'>64.</span> <span class='ocrx_word' id='word_1_82' title='bbox 504 1232 593 1292; x_wconf 89' lang='lat' dir='ltr'>Oesll.</span> <span class='ocrx_word' id='word_1_83' title='bbox 607 1231 637 1306; x_wconf 92' lang='grc'>2,</span> <span class='ocrx_word' id='word_1_84' title='bbox 650 1231 704 1308; x_wconf 93' lang='grc'>2.),</span> <span class='ocrx_word' id='word_1_85' title='bbox 732 1238 760 1290; x_wconf 94' lang='lat' dir='ltr'>et</span> <span class='ocrx_word' id='word_1_86' title='bbox 782 1230 831 1288; x_wconf 91' lang='lat' dir='ltr'>ilia</span> <span class='ocrx_word' id='word_1_87' title='bbox 854 1231 973 1304; x_wconf 92' lang='lat' dir='ltr'>quidem</span> <span class='ocrx_word' id='word_1_88' title='bbox 1001 1223 1040 1292; x_wconf 82' lang='grc' dir='ltr'>τὸ</span> <span class='ocrx_word' id='word_1_89' title='bbox 1065 1227 1192 1312; x_wconf 77' lang='grc' dir='ltr'><strong><em>πρᾶτον</em></strong></span> <span class='ocrx_word' id='word_1_90' title='bbox 1212 1229 1256 1316; x_wconf 84' lang='grc' dir='ltr'><strong><em>τᾷ</em></strong></span> 
     </span>
     <span class='ocr_line' id='line_1_10' title="bbox 99 1321 1254 1417; baseline 0.001 -24"><span class='ocrx_word' id='word_1_91' title='bbox 99 1321 256 1408; x_wconf 79' lang='grc' dir='ltr'>δυνάμει,</span> <span class='ocrx_word' id='word_1_92' title='bbox 283 1335 356 1393; x_wconf 87' lang='lat' dir='ltr'>haeo</span> <span class='ocrx_word' id='word_1_93' title='bbox 381 1326 421 1396; x_wconf 83' lang='grc' dir='ltr'>τὰ</span> <span class='ocrx_word' id='word_1_94' title='bbox 442 1325 580 1417; x_wconf 75' lang='grc' dir='ltr'><strong><em>ὕστερον</em></strong></span> <span class='ocrx_word' id='word_1_95' title='bbox 601 1343 654 1396; x_wconf 87' lang='lat' dir='ltr'>ete.</span> <span class='ocrx_word' id='word_1_96' title='bbox 680 1329 728 1411; x_wconf 85' lang='lat' dir='ltr'>(ef.</span> <span class='ocrx_word' id='word_1_97' title='bbox 754 1332 843 1391; x_wconf 85' lang='lat' dir='ltr'>Oceli.</span> <span class='ocrx_word' id='word_1_98' title='bbox 867 1332 948 1390; x_wconf 87' lang='lat' dir='ltr'>Stob.</span> <span class='ocrx_word' id='word_1_99' title='bbox 972 1333 1024 1390; x_wconf 91' lang='lat' dir='ltr'>eel.</span> <span class='ocrx_word' id='word_1_100' title='bbox 1042 1329 1071 1404; x_wconf 90' lang='lat'>1,</span> <span class='ocrx_word' id='word_1_101' title='bbox 1088 1330 1178 1411; x_wconf 89' lang='grc'>338),</span> <span class='ocrx_word' id='word_1_102' title='bbox 1207 1335 1254 1394; x_wconf 89' lang='lat' dir='ltr'>ilia</span> 
     </span>
     <span class='ocr_line' id='line_1_11' title="bbox 97 1425 1253 1521; baseline 0.001 -26"><span class='ocrx_word' id='word_1_103' title='bbox 97 1425 168 1497; x_wconf 86' lang='grc' dir='ltr'>νόω</span> <span class='ocrx_word' id='word_1_104' title='bbox 189 1429 247 1496; x_wconf 83' lang='grc' dir='ltr'>καὶ</span> <span class='ocrx_word' id='word_1_105' title='bbox 267 1433 378 1521; x_wconf 80' lang='grc' dir='ltr'><strong><em>ψυχᾶς</em></strong></span> <span class='ocrx_word' id='word_1_106' title='bbox 400 1425 572 1514; x_wconf 79' lang='grc' dir='ltr'>ἀνάκωμα,</span> <span class='ocrx_word' id='word_1_107' title='bbox 600 1440 673 1498; x_wconf 85' lang='lat' dir='ltr'>haee</span> <span class='ocrx_word' id='word_1_108' title='bbox 694 1429 843 1517; x_wconf 76' lang='grc' dir='ltr'><em>γενέσιος</em></span> <span class='ocrx_word' id='word_1_109' title='bbox 863 1425 919 1494; x_wconf 83' lang='grc' dir='ltr'>καὶ</span> <span class='ocrx_word' id='word_1_110' title='bbox 939 1430 1128 1512; x_wconf 77' lang='grc' dir='ltr'><strong><em>μεταβολᾶς</em></strong></span> <span class='ocrx_word' id='word_1_111' title='bbox 1149 1435 1253 1515; x_wconf 85' lang='lat' dir='ltr'>(Oceli.</span> 
     </span>
     <span class='ocr_line' id='line_1_12' title="bbox 97 1529 1254 1619; baseline 0.002 -23"><span class='ocrx_word' id='word_1_112' title='bbox 97 1538 128 1611; x_wconf 83' lang='lat'>2,</span> <span class='ocrx_word' id='word_1_113' title='bbox 147 1535 169 1598; x_wconf 87' lang='lat'><strong>3</strong></span> <span class='ocrx_word' id='word_1_114' title='bbox 196 1538 246 1598; x_wconf 90' lang='lat' dir='ltr'>ubi</span> <span class='ocrx_word' id='word_1_115' title='bbox 280 1539 386 1598; x_wconf 88' lang='lat' dir='ltr'>dieitur</span> <span class='ocrx_word' id='word_1_116' title='bbox 414 1529 592 1601; x_wconf 80' lang='grc' dir='ltr'><strong><em>δυναστεία</em></strong></span> <span class='ocrx_word' id='word_1_117' title='bbox 615 1547 734 1598; x_wconf 87' lang='lat' dir='ltr'>naturae</span> <span class='ocrx_word' id='word_1_118' title='bbox 757 1546 787 1596; x_wconf 88' lang='lat' dir='ltr'>et</span> <span class='ocrx_word' id='word_1_119' title='bbox 807 1531 965 1619; x_wconf 81' lang='grc' dir='ltr'><strong><em>γενέσεως</em></strong></span> <span class='ocrx_word' id='word_1_120' title='bbox 987 1539 1022 1596; x_wconf 83' lang='lat' dir='ltr'>of.</span> <span class='ocrx_word' id='word_1_121' title='bbox 1041 1537 1071 1610; x_wconf 92' lang='grc'>2,</span> <span class='ocrx_word' id='word_1_122' title='bbox 1089 1536 1137 1613; x_wconf 89' lang='grc'>2);</span> <span class='ocrx_word' id='word_1_123' title='bbox 1165 1554 1254 1614; x_wconf 88' lang='lat' dir='ltr'>porro</span> 
     </span>
     <span class='ocr_line' id='line_1_13' title="bbox 98 1630 1253 1715; baseline 0.003 -18"><span class='ocrx_word' id='word_1_124' title='bbox 98 1641 150 1698; x_wconf 88' lang='lat' dir='ltr'>iila</span> <span class='ocrx_word' id='word_1_125' title='bbox 173 1640 211 1699; x_wconf 93' lang='lat' dir='ltr'>sit</span> <span class='ocrx_word' id='word_1_126' title='bbox 232 1641 358 1700; x_wconf 87' lang='lat' dir='ltr'>aetheris</span> <span class='ocrx_word' id='word_1_127' title='bbox 381 1643 399 1701; x_wconf 91' lang='lat' dir='ltr'>i.</span> <span class='ocrx_word' id='word_1_128' title='bbox 424 1659 448 1700; x_wconf 93' lang='lat' dir='ltr'>e.</span> <span class='ocrx_word' id='word_1_129' title='bbox 471 1639 531 1703; x_wconf 80' lang='grc' dir='ltr'>τοῦ</span> <span class='ocrx_word' id='word_1_130' title='bbox 554 1630 608 1702; x_wconf 77' lang='grc' dir='ltr'>ἀεὶ</span> <span class='ocrx_word' id='word_1_131' title='bbox 630 1635 773 1714; x_wconf 71' lang='grc' dir='ltr'><strong><em>θέοντος</em></strong></span> <span class='ocrx_word' id='word_1_132' title='bbox 794 1632 895 1702; x_wconf 74' lang='grc' dir='ltr'><strong><em>θείου</em></strong></span> <span class='ocrx_word' id='word_1_133' title='bbox 911 1636 961 1715; x_wconf 89' lang='lat' dir='ltr'>(de</span> <span class='ocrx_word' id='word_1_134' title='bbox 973 1641 1084 1698; x_wconf 90' lang='lat' dir='ltr'>mundo</span> <span class='ocrx_word' id='word_1_135' title='bbox 1096 1637 1169 1713; x_wconf 89' lang='grc'>392,</span> <span class='ocrx_word' id='word_1_136' title='bbox 1181 1637 1211 1700; x_wconf 93' lang='grc'>8.</span> <span class='ocrx_word' id='word_1_137' title='bbox 1225 1639 1253 1700; x_wconf 88' lang='grc'>9.</span> 
     </span>
     <span class='ocr_line' id='line_1_14' title="bbox 96 1740 1254 1818; baseline 0.001 -18"><span class='ocrx_word' id='word_1_138' title='bbox 96 1742 203 1801; x_wconf 80' lang='lat' dir='ltr'>Paitoi.</span> <span class='ocrx_word' id='word_1_139' title='bbox 220 1740 283 1802; x_wconf 91' lang='grc'><strong>168</strong></span> <span class='ocrx_word' id='word_1_140' title='bbox 303 1750 332 1803; x_wconf 89' lang='lat' dir='ltr'>et</span> <span class='ocrx_word' id='word_1_141' title='bbox 353 1745 404 1818; x_wconf 92' lang='lat' dir='ltr'>qni</span> <span class='ocrx_word' id='word_1_142' title='bbox 426 1761 548 1818; x_wconf 88' lang='lat' dir='ltr'>prorsus</span> <span class='ocrx_word' id='word_1_143' title='bbox 572 1745 674 1804; x_wconf 86' lang='lat' dir='ltr'>eadem</span> <span class='ocrx_word' id='word_1_144' title='bbox 696 1759 764 1802; x_wconf 88' lang='lat' dir='ltr'>oum</span> <span class='ocrx_word' id='word_1_145' title='bbox 787 1742 915 1800; x_wconf 86' lang='lat' dir='ltr'>Philolao</span> <span class='ocrx_word' id='word_1_146' title='bbox 938 1741 1027 1800; x_wconf 84' lang='lat' dir='ltr'>verba</span> <span class='ocrx_word' id='word_1_147' title='bbox 1048 1743 1153 1816; x_wconf 85' lang='lat' dir='ltr'>repetit</span> <span class='ocrx_word' id='word_1_148' title='bbox 1165 1742 1254 1803; x_wconf 88' lang='lat' dir='ltr'>Oeell.</span> 
     </span>
     <span class='ocr_line' id='line_1_15' title="bbox 98 1833 1253 1919; baseline 0.001 -15"><span class='ocrx_word' id='word_1_149' title='bbox 98 1841 194 1916; x_wconf 90' lang='grc'>2,,23.</span> <span class='ocrx_word' id='word_1_150' title='bbox 221 1844 357 1904; x_wconf 89' lang='lat' dir='ltr'>similiter</span> <span class='ocrx_word' id='word_1_151' title='bbox 379 1844 488 1905; x_wconf 89' lang='lat' dir='ltr'>Onatae</span> <span class='ocrx_word' id='word_1_152' title='bbox 511 1847 592 1906; x_wconf 90' lang='lat' dir='ltr'>Stob.</span> <span class='ocrx_word' id='word_1_153' title='bbox 610 1848 662 1905; x_wconf 88' lang='lat' dir='ltr'>ecl.</span> <span class='ocrx_word' id='word_1_154' title='bbox 680 1844 710 1919; x_wconf 88' lang='lat'>1,</span> <span class='ocrx_word' id='word_1_155' title='bbox 722 1845 764 1905; x_wconf 89' lang='grc'>96</span> <span class='ocrx_word' id='word_1_156' title='bbox 787 1836 867 1904; x_wconf 79' lang='grc' dir='ltr'>3εοί</span> <span class='ocrx_word' id='word_1_157' title='bbox 889 1850 958 1902; x_wconf 89' lang='lat' dir='ltr'>suut</span> <span class='ocrx_word' id='word_1_158' title='bbox 980 1833 1013 1904; x_wconf 75' lang='grc' dir='ltr'>οἱ</span> <span class='ocrx_word' id='word_1_159' title='bbox 1032 1837 1171 1918; x_wconf 72' lang='grc' dir='ltr'><strong><em>θέοντες</em></strong></span> <span class='ocrx_word' id='word_1_160' title='bbox 1185 1835 1253 1907; x_wconf 81' lang='grc' dir='ltr'><strong><em>κατ’</em></strong></span> 
     </span>
     <span class='ocr_line' id='line_1_16' title="bbox 102 1935 1255 2028; baseline -0.001 -22"><span class='ocrx_word' id='word_1_161' title='bbox 102 1935 251 2028; x_wconf 77' lang='grc' dir='ltr'>οὗρανόν,</span> <span class='ocrx_word' id='word_1_162' title='bbox 275 1953 405 2006; x_wconf 86' lang='lat' dir='ltr'>ceterum</span> <span class='ocrx_word' id='word_1_163' title='bbox 428 1947 463 2007; x_wconf 83' lang='lat' dir='ltr'>es.</span> <span class='ocrx_word' id='word_1_164' title='bbox 486 1949 598 2007; x_wconf 82' lang='lat' dir='ltr'>Platon.</span> <span class='ocrx_word' id='word_1_165' title='bbox 623 1946 697 2006; x_wconf 87' lang='lat' dir='ltr'>Crat.</span> <span class='ocrx_word' id='word_1_166' title='bbox 710 1945 782 2007; x_wconf 89' lang='grc'>410.</span> <span class='ocrx_word' id='word_1_167' title='bbox 806 1947 894 2006; x_wconf 80' lang='lat' dir='ltr'>Arist.</span> <span class='ocrx_word' id='word_1_168' title='bbox 907 1943 995 2006; x_wconf 84' lang='grc'>2701)</span> <span class='ocrx_word' id='word_1_169' title='bbox 1009 1943 1072 2021; x_wconf 88' lang='grc'>22),</span> <span class='ocrx_word' id='word_1_170' title='bbox 1096 1948 1168 2006; x_wconf 87' lang='lat' dir='ltr'>haee</span> <span class='ocrx_word' id='word_1_171' title='bbox 1184 1963 1255 2021; x_wconf 89' lang='lat' dir='ltr'>qna-</span> 
     </span>
     <span class='ocr_line' id='line_1_17' title="bbox 99 2046 1255 2127; baseline 0 -19"><span class='ocrx_word' id='word_1_172' title='bbox 99 2058 170 2108; x_wconf 86' lang='lat' dir='ltr'>tuor</span> <span class='ocrx_word' id='word_1_173' title='bbox 190 2050 402 2108; x_wconf 89' lang='lat' dir='ltr'>elementorum</span> <span class='ocrx_word' id='word_1_174' title='bbox 425 2050 575 2127; x_wconf 81' lang='lat' dir='ltr'>(Athamas</span> <span class='ocrx_word' id='word_1_175' title='bbox 598 2067 643 2124; x_wconf 89' lang='lat' dir='ltr'>ap.</span> <span class='ocrx_word' id='word_1_176' title='bbox 662 2049 751 2108; x_wconf 80' lang='lat' dir='ltr'>Ciam.</span> <span class='ocrx_word' id='word_1_177' title='bbox 768 2050 811 2107; x_wconf 84' lang='grc' dir='ltr'>ΑΙ.</span> <span class='ocrx_word' id='word_1_178' title='bbox 827 2065 855 2122; x_wconf 90' lang='lat' dir='ltr'>p.</span> <span class='ocrx_word' id='word_1_179' title='bbox 868 2046 931 2109; x_wconf 92' lang='grc'>746</span> <span class='ocrx_word' id='word_1_180' title='bbox 947 2047 1032 2120; x_wconf 75' lang='lat' dir='ltr'>Pota,</span> <span class='ocrx_word' id='word_1_181' title='bbox 1055 2065 1121 2108; x_wconf 93' lang='lat' dir='ltr'>eum</span> <span class='ocrx_word' id='word_1_182' title='bbox 1138 2051 1255 2108; x_wconf 85' lang='lat' dir='ltr'>aethere</span> 
     </span>
     <span class='ocr_line' id='line_1_18' title="bbox 100 2145 1255 2227; baseline 0.002 -17"><span class='ocrx_word' id='word_1_183' title='bbox 100 2151 232 2226; x_wconf 88' lang='lat' dir='ltr'>quinque</span> <span class='ocrx_word' id='word_1_184' title='bbox 256 2152 292 2210; x_wconf 93' lang='lat' dir='ltr'>de</span> <span class='ocrx_word' id='word_1_185' title='bbox 314 2167 352 2208; x_wconf 85' lang='lat' dir='ltr'>nr.</span> <span class='ocrx_word' id='word_1_186' title='bbox 371 2147 443 2224; x_wconf 87' lang='grc'>392,</span> <span class='ocrx_word' id='word_1_187' title='bbox 462 2150 491 2212; x_wconf 88' lang='grc'>5.</span> <span class='ocrx_word' id='word_1_188' title='bbox 509 2149 548 2211; x_wconf 97' lang='grc'><strong>31</strong></span> <span class='ocrx_word' id='word_1_189' title='bbox 563 2167 627 2227; x_wconf 86' lang='lat' dir='ltr'><strong>sqq.</strong></span> <span class='ocrx_word' id='word_1_190' title='bbox 646 2149 733 2212; x_wconf 84' lang='grc'>3921)</span> <span class='ocrx_word' id='word_1_191' title='bbox 750 2147 790 2210; x_wconf 88' lang='grc'>35</span> <span class='ocrx_word' id='word_1_192' title='bbox 814 2145 912 2212; x_wconf 80' lang='grc' dir='ltr'><strong><em>πέντε</em></strong></span> <span class='ocrx_word' id='word_1_193' title='bbox 935 2147 1081 2226; x_wconf 80' lang='grc' dir='ltr'><strong><em>στοιχεῖα</em></strong></span> <span class='ocrx_word' id='word_1_194' title='bbox 1101 2174 1137 2202; x_wconf 89' lang='lat'><strong><em>=</em></strong></span> <span class='ocrx_word' id='word_1_195' title='bbox 1157 2146 1255 2213; x_wconf 82' lang='grc' dir='ltr'><strong><em>πέντε</em></strong></span> 
     </span>
     <span class='ocr_line' id='line_1_19' title="bbox 99 2243 1255 2332; baseline -0.003 -17"><span class='ocrx_word' id='word_1_196' title='bbox 99 2243 240 2332; x_wconf 79' lang='grc' dir='ltr'><strong><em>σώματα</em></strong></span> <span class='ocrx_word' id='word_1_197' title='bbox 262 2251 365 2311; x_wconf 85' lang='lat' dir='ltr'>Philol.</span> <span class='ocrx_word' id='word_1_198' title='bbox 374 2251 441 2313; x_wconf 87' lang='grc'><strong>,160</strong></span> <span class='ocrx_word' id='word_1_199' title='bbox 464 2269 522 2313; x_wconf 89' lang='lat' dir='ltr'>seo.</span> <span class='ocrx_word' id='word_1_200' title='bbox 556 2254 685 2314; x_wconf 83' lang='lat' dir='ltr'>Platonis</span> <span class='ocrx_word' id='word_1_201' title='bbox 708 2253 870 2327; x_wconf 85' lang='lat' dir='ltr'>discipulos</span> <span class='ocrx_word' id='word_1_202' title='bbox 893 2259 921 2311; x_wconf 94' lang='lat' dir='ltr'>et</span> <span class='ocrx_word' id='word_1_203' title='bbox 932 2252 1127 2326; x_wconf 86' lang='lat' dir='ltr'>Aristotelem,</span> <span class='ocrx_word' id='word_1_204' title='bbox 1141 2253 1255 2312; x_wconf 80' lang='lat' dir='ltr'>Stoicos</span> 
     </span>
     <span class='ocr_line' id='line_1_20' title="bbox 99 2343 1254 2436; baseline -0.003 -19"><span class='ocrx_word' id='word_1_205' title='bbox 99 2367 198 2417; x_wconf 87' lang='lat' dir='ltr'>tamen</span> <span class='ocrx_word' id='word_1_206' title='bbox 225 2355 301 2430; x_wconf 87' lang='lat' dir='ltr'>sapit</span> <span class='ocrx_word' id='word_1_207' title='bbox 328 2357 407 2429; x_wconf 91' lang='lat' dir='ltr'>quod</span> <span class='ocrx_word' id='word_1_208' title='bbox 434 2357 560 2416; x_wconf 87' lang='lat' dir='ltr'>aetheris</span> <span class='ocrx_word' id='word_1_209' title='bbox 589 2355 818 2431; x_wconf 65' lang='lat' dir='ltr'>dgnra‘oonus·</span> <span class='ocrx_word' id='word_1_210' title='bbox 839 2343 1045 2436; x_wconf 78' lang='grc' dir='ltr'><strong><em>(ναονοειδὴς)</em></strong></span> <span class='ocrx_word' id='word_1_211' title='bbox 1075 2354 1180 2414; x_wconf 86' lang='lat' dir='ltr'>dieitur</span> <span class='ocrx_word' id='word_1_212' title='bbox 1202 2371 1254 2430; x_wconf 89' lang='lat' dir='ltr'>pro</span> 
     </span>
     <span class='ocr_line' id='line_1_21' title="bbox 100 2453 1256 2535; baseline -0.004 -17"><span class='ocrx_word' id='word_1_213' title='bbox 100 2458 252 2535; x_wconf 80' lang='lat' dir='ltr'>pyramide</span> <span class='ocrx_word' id='word_1_214' title='bbox 275 2458 322 2516; x_wconf 88' lang='lat' dir='ltr'>illa</span> <span class='ocrx_word' id='word_1_215' title='bbox 338 2458 494 2531; x_wconf 80' lang='lat' dir='ltr'>Platonica,</span> <span class='ocrx_word' id='word_1_216' title='bbox 518 2461 554 2518; x_wconf 83' lang='lat' dir='ltr'>ei.</span> <span class='ocrx_word' id='word_1_217' title='bbox 567 2460 607 2518; x_wconf 88' lang='lat' dir='ltr'>Pl.</span> <span class='ocrx_word' id='word_1_218' title='bbox 620 2460 670 2534; x_wconf 89' lang='lat' dir='ltr'>ph.</span> <span class='ocrx_word' id='word_1_219' title='bbox 683 2457 713 2533; x_wconf 86' lang='lat'>1,</span> <span class='ocrx_word' id='word_1_220' title='bbox 726 2455 776 2517; x_wconf 89' lang='grc'>14.</span> <span class='ocrx_word' id='word_1_221' title='bbox 801 2459 881 2517; x_wconf 89' lang='lat' dir='ltr'>Stoh.</span> <span class='ocrx_word' id='word_1_222' title='bbox 900 2459 953 2517; x_wconf 88' lang='lat' dir='ltr'>ecl.</span> <span class='ocrx_word' id='word_1_223' title='bbox 966 2453 995 2529; x_wconf 86' lang='lat'>1,</span> <span class='ocrx_word' id='word_1_224' title='bbox 1008 2453 1080 2516; x_wconf 90' lang='grc'><strong>356.</strong></span> <span class='ocrx_word' id='word_1_225' title='bbox 1104 2456 1139 2515; x_wconf 85' lang='lat' dir='ltr'>ei.</span> <span class='ocrx_word' id='word_1_226' title='bbox 1153 2456 1256 2515; x_wconf 83' lang='lat' dir='ltr'>Cleon·</span> 
     </span>
     <span class='ocr_line' id='line_1_22' title="bbox 99 2549 1256 2636; baseline -0.002 -16"><span class='ocrx_word' id='word_1_227' title='bbox 99 2561 167 2620; x_wconf 87' lang='lat' dir='ltr'>thes</span> <span class='ocrx_word' id='word_1_228' title='bbox 189 2560 259 2618; x_wconf 81' lang='lat' dir='ltr'>doh.</span> <span class='ocrx_word' id='word_1_229' title='bbox 284 2560 343 2618; x_wconf 87' lang='lat' dir='ltr'>Tat.</span> <span class='ocrx_word' id='word_1_230' title='bbox 367 2559 404 2618; x_wconf 91' lang='lat' dir='ltr'>Is.</span> <span class='ocrx_word' id='word_1_231' title='bbox 417 2559 468 2621; x_wconf 82' lang='lat'>87.</span> <span class='ocrx_word' id='word_1_232' title='bbox 514 2561 638 2620; x_wconf 79' lang='lat' dir='ltr'><strong>Krische</strong></span> <span class='ocrx_word' id='word_1_233' title='bbox 659 2562 778 2620; x_wconf 84' lang='lat' dir='ltr'>Forsch.</span> <span class='ocrx_word' id='word_1_234' title='bbox 796 2557 860 2620; x_wconf 88' lang='grc'>434</span> <span class='ocrx_word' id='word_1_235' title='bbox 875 2559 944 2636; x_wconf 86' lang='lat' dir='ltr'>sq).</span> <span class='ocrx_word' id='word_1_236' title='bbox 995 2559 1057 2618; x_wconf 91' lang='lat' dir='ltr'>Jam</span> <span class='ocrx_word' id='word_1_237' title='bbox 1091 2575 1182 2633; x_wconf 92' lang='lat' dir='ltr'>quum</span> <span class='ocrx_word' id='word_1_238' title='bbox 1214 2549 1256 2618; x_wconf 79' lang='grc' dir='ltr'>τὰ</span> 
     </span>
     <span class='ocr_line' id='line_1_23' title="bbox 101 2653 1257 2745; baseline -0.004 -21"><span class='ocrx_word' id='word_1_239' title='bbox 101 2653 242 2745; x_wconf 73' lang='grc' dir='ltr'><strong><em>αἰθέρια</em></strong></span> <span class='ocrx_word' id='word_1_240' title='bbox 264 2662 323 2722; x_wconf 89' lang='lat' dir='ltr'>sint</span> <span class='ocrx_word' id='word_1_241' title='bbox 345 2654 421 2741; x_wconf 78' lang='grc' dir='ltr'><strong><em>δίχα</em></strong></span> <span class='ocrx_word' id='word_1_242' title='bbox 444 2654 596 2745; x_wconf 80' lang='grc' dir='ltr'><strong><em>διαίρετα</em></strong></span> <span class='ocrx_word' id='word_1_243' title='bbox 630 2662 673 2738; x_wconf 83' lang='grc' dir='ltr'>(Τ.</span> <span class='ocrx_word' id='word_1_244' title='bbox 687 2665 719 2722; x_wconf 91' lang='lat' dir='ltr'>L.</span> <span class='ocrx_word' id='word_1_245' title='bbox 733 2661 805 2722; x_wconf 78' lang='lat' dir='ltr'>oua.</span> <span class='ocrx_word' id='word_1_246' title='bbox 830 2663 865 2720; x_wconf 86' lang='lat' dir='ltr'>ei.</span> <span class='ocrx_word' id='word_1_247' title='bbox 889 2662 982 2719; x_wconf 88' lang='lat' dir='ltr'>Proel.</span> <span class='ocrx_word' id='word_1_248' title='bbox 1007 2662 1035 2719; x_wconf 91' lang='lat' dir='ltr'>in</span> <span class='ocrx_word' id='word_1_249' title='bbox 1058 2659 1205 2722; x_wconf 66' lang='grc'><strong>11111154</strong></span> <span class='ocrx_word' id='word_1_250' title='bbox 1228 2669 1257 2720; x_wconf 90' lang='lat' dir='ltr'>ot</span> 
     </span>
     <span class='ocr_line' id='line_1_24' title="bbox 101 2752 1255 2846; baseline -0.006 -19"><span class='ocrx_word' id='word_1_251' title='bbox 101 2766 201 2827; x_wconf 88' lang='lat' dir='ltr'>Stoiea</span> <span class='ocrx_word' id='word_1_252' title='bbox 222 2781 267 2840; x_wconf 87' lang='lat' dir='ltr'>ap.</span> <span class='ocrx_word' id='word_1_253' title='bbox 291 2766 362 2825; x_wconf 81' lang='lat' dir='ltr'>Aah.</span> <span class='ocrx_word' id='word_1_254' title='bbox 374 2769 434 2827; x_wconf 82' lang='lat' dir='ltr'>Tot.</span> <span class='ocrx_word' id='word_1_255' title='bbox 448 2769 522 2842; x_wconf 81' lang='lat' dir='ltr'>lsag.</span> <span class='ocrx_word' id='word_1_256' title='bbox 534 2763 585 2826; x_wconf 83' lang='lat'>83.</span> <span class='ocrx_word' id='word_1_257' title='bbox 599 2764 641 2826; x_wconf 89' lang='grc'>84</span> <span class='ocrx_word' id='word_1_258' title='bbox 653 2782 697 2839; x_wconf 88' lang='lat' dir='ltr'>sq.</span> <span class='ocrx_word' id='word_1_259' title='bbox 711 2763 764 2840; x_wconf 92' lang='grc'>93)</span> <span class='ocrx_word' id='word_1_260' title='bbox 788 2773 816 2822; x_wconf 87' lang='lat' dir='ltr'>et</span> <span class='ocrx_word' id='word_1_261' title='bbox 837 2757 878 2824; x_wconf 82' lang='grc' dir='ltr'>τὰ</span> <span class='ocrx_word' id='word_1_262' title='bbox 900 2752 1037 2846; x_wconf 77' lang='grc' dir='ltr'><strong><em>ἀπλανῆ</em></strong></span> <span class='ocrx_word' id='word_1_263' title='bbox 1059 2772 1087 2822; x_wconf 86' lang='lat' dir='ltr'>et</span> <span class='ocrx_word' id='word_1_264' title='bbox 1113 2763 1255 2835; x_wconf 80' lang='lat' dir='ltr'>planetae,</span> 
     </span>
     <span class='ocr_line' id='line_1_25' title="bbox 101 2861 1256 2944; baseline -0.004 -17"><span class='ocrx_word' id='word_1_265' title='bbox 101 2884 230 2944; x_wconf 90' lang='lat' dir='ltr'>quorum</span> <span class='ocrx_word' id='word_1_266' title='bbox 257 2869 363 2942; x_wconf 89' lang='lat' dir='ltr'>partim</span> <span class='ocrx_word' id='word_1_267' title='bbox 389 2870 508 2928; x_wconf 87' lang='lat' dir='ltr'>nomina</span> <span class='ocrx_word' id='word_1_268' title='bbox 534 2867 731 2928; x_wconf 86' lang='lat' dir='ltr'>Alexandrina</span> <span class='ocrx_word' id='word_1_269' title='bbox 758 2863 806 2942; x_wconf 84' lang='lat' dir='ltr'>(oi.</span> <span class='ocrx_word' id='word_1_270' title='bbox 830 2865 902 2923; x_wconf 83' lang='lat' dir='ltr'>doh.</span> <span class='ocrx_word' id='word_1_271' title='bbox 923 2866 982 2924; x_wconf 86' lang='lat' dir='ltr'>Tat.</span> <span class='ocrx_word' id='word_1_272' title='bbox 1005 2866 1042 2924; x_wconf 86' lang='lat' dir='ltr'>Is.</span> <span class='ocrx_word' id='word_1_273' title='bbox 1055 2861 1106 2925; x_wconf 94' lang='grc'>89.</span> <span class='ocrx_word' id='word_1_274' title='bbox 1130 2865 1256 2939; x_wconf 88' lang='lat' dir='ltr'>Lepsios</span> 
     </span>
     <span class='ocr_line' id='line_1_26' title="bbox 101 2965 1255 3048; baseline -0.007 -19"><span class='ocrx_word' id='word_1_275' title='bbox 101 2971 240 3030; x_wconf 78' lang='lat' dir='ltr'>chronol.</span> <span class='ocrx_word' id='word_1_276' title='bbox 260 2968 289 3042; x_wconf 87' lang='lat'>1,</span> <span class='ocrx_word' id='word_1_277' title='bbox 309 2968 364 3048; x_wconf 89' lang='grc'>90)</span> <span class='ocrx_word' id='word_1_278' title='bbox 397 2978 500 3030; x_wconf 90' lang='lat' dir='ltr'>auetor</span> <span class='ocrx_word' id='word_1_279' title='bbox 532 2971 568 3030; x_wconf 90' lang='lat' dir='ltr'>de</span> <span class='ocrx_word' id='word_1_280' title='bbox 601 2972 712 3028; x_wconf 91' lang='lat' dir='ltr'>muodo</span> <span class='ocrx_word' id='word_1_281' title='bbox 745 2969 825 3028; x_wconf 86' lang='lat' dir='ltr'>addit</span> <span class='ocrx_word' id='word_1_282' title='bbox 840 2965 912 3041; x_wconf 92' lang='grc'>392,</span> <span class='ocrx_word' id='word_1_283' title='bbox 928 2965 969 3028; x_wconf 89' lang='grc'>25</span> <span class='ocrx_word' id='word_1_284' title='bbox 997 2965 1255 3042; x_wconf 77' lang='lat' dir='ltr'>(Ares-Heraclea,</span> 
     </span>
     <span class='ocr_line' id='line_1_27' title="bbox 99 3066 1255 3162; baseline -0.01 -29"><span class='ocrx_word' id='word_1_285' title='bbox 99 3070 368 3162; x_wconf 70' lang='lat' dir='ltr'>Hermes-duolio,</span> <span class='ocrx_word' id='word_1_286' title='bbox 397 3071 657 3148; x_wconf 82' lang='lat' dir='ltr'>Aphrodite-Hera</span> <span class='ocrx_word' id='word_1_287' title='bbox 688 3071 724 3130; x_wconf 91' lang='lat' dir='ltr'>de</span> <span class='ocrx_word' id='word_1_288' title='bbox 752 3086 811 3145; x_wconf 92' lang='lat' dir='ltr'>quo</span> <span class='ocrx_word' id='word_1_289' title='bbox 838 3071 941 3129; x_wconf 91' lang='lat' dir='ltr'>ultimo</span> <span class='ocrx_word' id='word_1_290' title='bbox 969 3069 1088 3127; x_wconf 90' lang='lat' dir='ltr'>nomine</span> <span class='ocrx_word' id='word_1_291' title='bbox 1126 3068 1161 3125; x_wconf 85' lang='lat' dir='ltr'>oi.</span> <span class='ocrx_word' id='word_1_292' title='bbox 1184 3066 1255 3124; x_wconf 86' lang='lat' dir='ltr'>Tim.</span> 
     </span>
     <span class='ocr_line' id='line_1_28' title="bbox 100 3166 1257 3248; baseline -0.006 -14"><span class='ocrx_word' id='word_1_293' title='bbox 100 3178 186 3235; x_wconf 82' lang='lat' dir='ltr'>Loor.</span> <span class='ocrx_word' id='word_1_294' title='bbox 200 3174 272 3235; x_wconf 80' lang='lat' dir='ltr'>oue.</span> <span class='ocrx_word' id='word_1_295' title='bbox 296 3175 369 3232; x_wconf 89' lang='lat' dir='ltr'>Plin.</span> <span class='ocrx_word' id='word_1_296' title='bbox 382 3173 412 3247; x_wconf 91' lang='grc'>2,</span> <span class='ocrx_word' id='word_1_297' title='bbox 425 3172 454 3233; x_wconf 94' lang='grc'>6.</span> <span class='ocrx_word' id='word_1_298' title='bbox 478 3173 631 3248; x_wconf 82' lang='lat' dir='ltr'>Angustia.</span> <span class='ocrx_word' id='word_1_299' title='bbox 655 3173 709 3231; x_wconf 88' lang='lat' dir='ltr'>oiv.</span> <span class='ocrx_word' id='word_1_300' title='bbox 734 3171 805 3246; x_wconf 84' lang='grc'>(1.7,</span> <span class='ocrx_word' id='word_1_301' title='bbox 819 3169 869 3232; x_wconf 88' lang='lat'>15.</span> <span class='ocrx_word' id='word_1_302' title='bbox 892 3172 998 3231; x_wconf 88' lang='lat' dir='ltr'>Plotin.</span> <span class='ocrx_word' id='word_1_303' title='bbox 1018 3171 1046 3243; x_wconf 88' lang='grc'>3,</span> <span class='ocrx_word' id='word_1_304' title='bbox 1064 3166 1093 3241; x_wconf 84' lang='lat'>5,</span> <span class='ocrx_word' id='word_1_305' title='bbox 1109 3166 1131 3228; x_wconf 92' lang='grc'><strong>8</strong></span> <span class='ocrx_word' id='word_1_306' title='bbox 1152 3187 1180 3244; x_wconf 88' lang='lat' dir='ltr'>p.</span> <span class='ocrx_word' id='word_1_307' title='bbox 1195 3166 1257 3228; x_wconf 88' lang='grc'>542</span> 
     </span>
     <span class='ocr_line' id='line_1_29' title="bbox 101 3272 1258 3350; baseline -0.006 -14"><span class='ocrx_word' id='word_1_308' title='bbox 101 3278 220 3336; x_wconf 77' lang='lat' dir='ltr'>Creon:</span> <span class='ocrx_word' id='word_1_309' title='bbox 251 3284 297 3335; x_wconf 91' lang='lat' dir='ltr'>est</span> <span class='ocrx_word' id='word_1_310' title='bbox 323 3277 402 3336; x_wconf 90' lang='lat' dir='ltr'>enim</span> <span class='ocrx_word' id='word_1_311' title='bbox 430 3278 502 3335; x_wconf 89' lang='lat' dir='ltr'>haee</span> <span class='ocrx_word' id='word_1_312' title='bbox 529 3275 628 3334; x_wconf 92' lang='lat' dir='ltr'>Venus</span> <span class='ocrx_word' id='word_1_313' title='bbox 655 3281 684 3333; x_wconf 90' lang='lat' dir='ltr'>et</span> <span class='ocrx_word' id='word_1_314' title='bbox 706 3275 761 3334; x_wconf 90' lang='lat' dir='ltr'>Isis</span> <span class='ocrx_word' id='word_1_315' title='bbox 788 3275 928 3350; x_wconf 83' lang='lat' dir='ltr'>Aegyptia</span> <span class='ocrx_word' id='word_1_316' title='bbox 960 3281 990 3334; x_wconf 89' lang='lat' dir='ltr'>et</span> <span class='ocrx_word' id='word_1_317' title='bbox 1012 3273 1096 3348; x_wconf 80' lang='lat' dir='ltr'>Syria</span> <span class='ocrx_word' id='word_1_318' title='bbox 1122 3272 1171 3330; x_wconf 91' lang='lat' dir='ltr'>illa</span> <span class='ocrx_word' id='word_1_319' title='bbox 1204 3273 1258 3330; x_wconf 89' lang='lat' dir='ltr'>dea</span> 
     </span>
     <span class='ocr_line' id='line_1_30' title="bbox 100 3375 1258 3453; baseline -0.004 -15"><span class='ocrx_word' id='word_1_320' title='bbox 100 3379 224 3438; x_wconf 87' lang='lat' dir='ltr'>Lnoiani</span> <span class='ocrx_word' id='word_1_321' title='bbox 251 3395 339 3453; x_wconf 90' lang='lat' dir='ltr'>quam</span> <span class='ocrx_word' id='word_1_322' title='bbox 371 3386 525 3452; x_wconf 87' lang='lat' dir='ltr'>utramque</span> <span class='ocrx_word' id='word_1_323' title='bbox 552 3377 640 3435; x_wconf 94' lang='lat' dir='ltr'>modo</span> <span class='ocrx_word' id='word_1_324' title='bbox 668 3377 810 3436; x_wconf 79' lang='lat' dir='ltr'>Venerem</span> <span class='ocrx_word' id='word_1_325' title='bbox 839 3377 940 3436; x_wconf 81' lang='lat' dir='ltr'>Graeci</span> <span class='ocrx_word' id='word_1_326' title='bbox 973 3375 1139 3449; x_wconf 82' lang='lat' dir='ltr'>intelligunt</span> <span class='ocrx_word' id='word_1_327' title='bbox 1170 3375 1258 3434; x_wconf 91' lang='lat' dir='ltr'>modo</span> 
     </span>
     <span class='ocr_line' id='line_1_31' title="bbox 100 3473 1257 3552; baseline -0.006 -12"><span class='ocrx_word' id='word_1_328' title='bbox 100 3483 246 3540; x_wconf 88' lang='lat' dir='ltr'>Jnoonem</span> <span class='ocrx_word' id='word_1_329' title='bbox 270 3482 306 3540; x_wconf 80' lang='lat' dir='ltr'>ei.</span> <span class='ocrx_word' id='word_1_330' title='bbox 330 3481 512 3538; x_wconf 83' lang='lat' dir='ltr'>Eoirermann</span> <span class='ocrx_word' id='word_1_331' title='bbox 534 3479 785 3552; x_wconf 83' lang='lat' dir='ltr'>Religionsgesoh.</span> <span class='ocrx_word' id='word_1_332' title='bbox 810 3481 830 3551; x_wconf 86' lang='lat'>1,</span> <span class='ocrx_word' id='word_1_333' title='bbox 844 3475 914 3538; x_wconf 90' lang='grc'><strong>115.</strong></span> <span class='ocrx_word' id='word_1_334' title='bbox 929 3475 1001 3536; x_wconf 90' lang='grc'><strong>121..</strong></span> <span class='ocrx_word' id='word_1_335' title='bbox 1017 3475 1050 3548; x_wconf 90' lang='grc'><strong>11,</strong></span> <span class='ocrx_word' id='word_1_336' title='bbox 1063 3473 1114 3536; x_wconf 88' lang='grc'>38.</span> <span class='ocrx_word' id='word_1_337' title='bbox 1127 3475 1189 3536; x_wconf 86' lang='grc'>204</span> <span class='ocrx_word' id='word_1_338' title='bbox 1203 3483 1257 3534; x_wconf 89' lang='lat' dir='ltr'>ete.</span> 
     </span>
     <span class='ocr_line' id='line_1_32' title="bbox 100 3577 1258 3658; baseline -0.008 -16"><span class='ocrx_word' id='word_1_339' title='bbox 100 3585 133 3642; x_wconf 84' lang='grc' dir='ltr'>Ε.</span> <span class='ocrx_word' id='word_1_340' title='bbox 160 3579 277 3642; x_wconf 88' lang='lat' dir='ltr'>Curtius</span> <span class='ocrx_word' id='word_1_341' title='bbox 299 3583 403 3642; x_wconf 86' lang='lat' dir='ltr'>Rhein.</span> <span class='ocrx_word' id='word_1_342' title='bbox 417 3583 491 3641; x_wconf 88' lang='lat' dir='ltr'>Mus.</span> <span class='ocrx_word' id='word_1_343' title='bbox 516 3577 601 3642; x_wconf 88' lang='grc'>1850</span> <span class='ocrx_word' id='word_1_344' title='bbox 622 3598 650 3655; x_wconf 88' lang='lat' dir='ltr'>p.</span> <span class='ocrx_word' id='word_1_345' title='bbox 665 3577 728 3641; x_wconf 92' lang='grc'>457</span> <span class='ocrx_word' id='word_1_346' title='bbox 740 3583 809 3658; x_wconf 83' lang='lat' dir='ltr'>sq),</span> <span class='ocrx_word' id='word_1_347' title='bbox 833 3581 962 3652; x_wconf 84' lang='lat' dir='ltr'>itemque</span> <span class='ocrx_word' id='word_1_348' title='bbox 984 3578 1152 3636; x_wconf 85' lang='lat' dir='ltr'>sublunaris</span> <span class='ocrx_word' id='word_1_349' title='bbox 1176 3577 1258 3650; x_wconf 80' lang='lat' dir='ltr'>regio</span> 
     </span>
     <span class='ocr_line' id='line_1_33' title="bbox 101 3675 1257 3758; baseline -0.008 -14"><span class='ocrx_word' id='word_1_350' title='bbox 101 3687 280 3744; x_wconf 83' lang='lat' dir='ltr'>daemonum</span> <span class='ocrx_word' id='word_1_351' title='bbox 309 3685 396 3743; x_wconf 87' lang='lat' dir='ltr'>sodes</span> <span class='ocrx_word' id='word_1_352' title='bbox 419 3685 455 3742; x_wconf 87' lang='lat' dir='ltr'>ab</span> <span class='ocrx_word' id='word_1_353' title='bbox 478 3685 541 3758; x_wconf 91' lang='lat' dir='ltr'>ipsa</span> <span class='ocrx_word' id='word_1_354' title='bbox 563 3699 638 3757; x_wconf 88' lang='lat' dir='ltr'>quae</span> <span class='ocrx_word' id='word_1_355' title='bbox 660 3683 789 3742; x_wconf 88' lang='lat' dir='ltr'>hominis</span> <span class='ocrx_word' id='word_1_356' title='bbox 812 3689 858 3740; x_wconf 88' lang='lat' dir='ltr'>est</span> <span class='ocrx_word' id='word_1_357' title='bbox 879 3689 956 3740; x_wconf 88' lang='lat' dir='ltr'>terra</span> <span class='ocrx_word' id='word_1_358' title='bbox 979 3679 1124 3738; x_wconf 80' lang='lat' dir='ltr'>dividatur</span> <span class='ocrx_word' id='word_1_359' title='bbox 1147 3675 1196 3754; x_wconf 89' lang='lat' dir='ltr'>(de</span> <span class='ocrx_word' id='word_1_360' title='bbox 1219 3695 1257 3736; x_wconf 94' lang='lat' dir='ltr'>m.</span> 
     </span>
     <span class='ocr_line' id='line_1_34' title="bbox 102 3781 1260 3860; baseline -0.008 -12"><span class='ocrx_word' id='word_1_361' title='bbox 102 3785 177 3860; x_wconf 87' lang='grc'>392,</span> <span class='ocrx_word' id='word_1_362' title='bbox 189 3783 240 3848; x_wconf 91' lang='grc'>34.</span> <span class='ocrx_word' id='word_1_363' title='bbox 254 3785 329 3846; x_wconf 81' lang='grc'>514.</span> <span class='ocrx_word' id='word_1_364' title='bbox 353 3787 442 3859; x_wconf 86' lang='lat' dir='ltr'><strong>Eoph.</strong></span> <span class='ocrx_word' id='word_1_365' title='bbox 456 3783 508 3859; x_wconf 89' lang='grc'>48,</span> <span class='ocrx_word' id='word_1_366' title='bbox 521 3784 571 3845; x_wconf 89' lang='grc'>64.</span> <span class='ocrx_word' id='word_1_367' title='bbox 597 3786 647 3845; x_wconf 88' lang='lat' dir='ltr'>Oe.</span> <span class='ocrx_word' id='word_1_368' title='bbox 661 3783 691 3859; x_wconf 89' lang='lat'>3,</span> <span class='ocrx_word' id='word_1_369' title='bbox 704 3782 732 3844; x_wconf 85' lang='lat'>3.</span> <span class='ocrx_word' id='word_1_370' title='bbox 758 3786 792 3844; x_wconf 86' lang='lat' dir='ltr'>ei.</span> <span class='ocrx_word' id='word_1_371' title='bbox 818 3785 853 3843; x_wconf 92' lang='lat' dir='ltr'>de</span> <span class='ocrx_word' id='word_1_372' title='bbox 877 3785 959 3844; x_wconf 86' lang='lat' dir='ltr'>coelo</span> <span class='ocrx_word' id='word_1_373' title='bbox 983 3783 1106 3841; x_wconf 90' lang='lat' dir='ltr'>deorum</span> <span class='ocrx_word' id='word_1_374' title='bbox 1130 3783 1200 3841; x_wconf 92' lang='lat' dir='ltr'>sede</span> <span class='ocrx_word' id='word_1_375' title='bbox 1224 3781 1260 3839; x_wconf 90' lang='lat' dir='ltr'>de</span> 
     </span>
     <span class='ocr_line' id='line_1_35' title="bbox 102 3881 1260 3966; baseline -0.007 -19"><span class='ocrx_word' id='word_1_376' title='bbox 102 3906 143 3947; x_wconf 92' lang='lat' dir='ltr'>m.</span> <span class='ocrx_word' id='word_1_377' title='bbox 155 3885 243 3949; x_wconf 86' lang='grc'>3911)</span> <span class='ocrx_word' id='word_1_378' title='bbox 261 3885 312 3948; x_wconf 88' lang='lat'>15.</span> <span class='ocrx_word' id='word_1_379' title='bbox 337 3888 406 3948; x_wconf 82' lang='lat' dir='ltr'>Aen.</span> <span class='ocrx_word' id='word_1_380' title='bbox 430 3888 491 3947; x_wconf 85' lang='lat' dir='ltr'>Tot.</span> <span class='ocrx_word' id='word_1_381' title='bbox 503 3885 555 3949; x_wconf 92' lang='grc'>85.</span> <span class='ocrx_word' id='word_1_382' title='bbox 581 3888 664 3948; x_wconf 86' lang='lat' dir='ltr'>Onat.</span> <span class='ocrx_word' id='word_1_383' title='bbox 688 3904 716 3961; x_wconf 91' lang='lat' dir='ltr'>p.</span> <span class='ocrx_word' id='word_1_384' title='bbox 730 3885 800 3966; x_wconf 84' lang='lat'><strong>96),</strong></span> <span class='ocrx_word' id='word_1_385' title='bbox 835 3885 875 3944; x_wconf 90' lang='lat' dir='ltr'>ita</span> <span class='ocrx_word' id='word_1_386' title='bbox 908 3894 1035 3960; x_wconf 88' lang='lat' dir='ltr'>quatuor</span> <span class='ocrx_word' id='word_1_387' title='bbox 1066 3885 1132 3943; x_wconf 91' lang='lat' dir='ltr'>illae</span> <span class='ocrx_word' id='word_1_388' title='bbox 1158 3881 1260 3942; x_wconf 91' lang='lat' dir='ltr'>mundi</span> 
     </span>
     <span class='ocr_line' id='line_1_36' title="bbox 102 3985 1260 4065; baseline -0.008 -15"><span class='ocrx_word' id='word_1_389' title='bbox 102 3991 241 4065; x_wconf 78' lang='lat' dir='ltr'>regiones</span> <span class='ocrx_word' id='word_1_390' title='bbox 274 3990 395 4050; x_wconf 87' lang='lat' dir='ltr'>Philolai</span> <span class='ocrx_word' id='word_1_391' title='bbox 429 3989 595 4050; x_wconf 80' lang='lat' dir='ltr'>efficiuntur</span> <span class='ocrx_word' id='word_1_392' title='bbox 627 3995 695 4064; x_wconf 88' lang='lat' dir='ltr'>post</span> <span class='ocrx_word' id='word_1_393' title='bbox 723 3988 875 4047; x_wconf 87' lang='lat' dir='ltr'>Platonem</span> <span class='ocrx_word' id='word_1_394' title='bbox 906 3990 1051 4063; x_wconf 82' lang='lat' dir='ltr'>vulgares.</span> <span class='ocrx_word' id='word_1_395' title='bbox 1100 3985 1260 4044; x_wconf 87' lang='lat' dir='ltr'>Universos</span> 
     </span>
     <span class='ocr_line' id='line_1_37' title="bbox 102 4079 1259 4174; baseline -0.01 -22"><span class='ocrx_word' id='word_1_396' title='bbox 102 4102 202 4154; x_wconf 87' lang='lat' dir='ltr'>autem</span> <span class='ocrx_word' id='word_1_397' title='bbox 225 4094 355 4152; x_wconf 90' lang='lat' dir='ltr'>mundus</span> <span class='ocrx_word' id='word_1_398' title='bbox 377 4081 639 4174; x_wconf 80' lang='grc' dir='ltr'><strong><em>περιαγεόμενος</em></strong></span> <span class='ocrx_word' id='word_1_399' title='bbox 661 4083 698 4164; x_wconf 79' lang='grc' dir='ltr'>ἐξ</span> <span class='ocrx_word' id='word_1_400' title='bbox 719 4079 820 4174; x_wconf 78' lang='grc' dir='ltr'><em>ἀρχῆς</em></span> <span class='ocrx_word' id='word_1_401' title='bbox 842 4079 955 4151; x_wconf 81' lang='grc' dir='ltr'><strong><em>ἆϊδίον</em></strong></span> <span class='ocrx_word' id='word_1_402' title='bbox 978 4085 1148 4162; x_wconf 76' lang='grc'><strong>(91111167.</strong></span> <span class='ocrx_word' id='word_1_403' title='bbox 1173 4087 1208 4144; x_wconf 93' lang='lat' dir='ltr'>de</span> <span class='ocrx_word' id='word_1_404' title='bbox 1221 4101 1259 4142; x_wconf 90' lang='lat' dir='ltr'>m.</span> 
     </span>
     <span class='ocr_line' id='line_1_38' title="bbox 103 4179 1261 4268; baseline -0.009 -12"><span class='ocrx_word' id='word_1_405' title='bbox 103 4193 225 4257; x_wconf 81' lang='grc'>39819</span> <span class='ocrx_word' id='word_1_406' title='bbox 249 4195 284 4263; x_wconf 77' lang='lat' dir='ltr'>os.</span> <span class='ocrx_word' id='word_1_407' title='bbox 308 4192 355 4252; x_wconf 85' lang='lat' dir='ltr'>Ar.</span> <span class='ocrx_word' id='word_1_408' title='bbox 379 4195 503 4268; x_wconf 77' lang='lat' dir='ltr'>Metapa.</span> <span class='ocrx_word' id='word_1_409' title='bbox 522 4192 572 4267; x_wconf 84' lang='lat'>11,</span> <span class='ocrx_word' id='word_1_410' title='bbox 589 4191 619 4254; x_wconf 91' lang='grc'>8.</span> <span class='ocrx_word' id='word_1_411' title='bbox 644 4191 737 4265; x_wconf 92' lang='grc'>1073,</span> <span class='ocrx_word' id='word_1_412' title='bbox 754 4191 797 4253; x_wconf 89' lang='grc'>28</span> <span class='ocrx_word' id='word_1_413' title='bbox 823 4201 853 4252; x_wconf 92' lang='lat' dir='ltr'>et</span> <span class='ocrx_word' id='word_1_414' title='bbox 874 4194 993 4268; x_wconf 91' lang='lat' dir='ltr'>quidem</span> <span class='ocrx_word' id='word_1_415' title='bbox 1021 4185 1058 4266; x_wconf 87' lang='grc' dir='ltr'>έξ</span> <span class='ocrx_word' id='word_1_416' title='bbox 1080 4179 1201 4262; x_wconf 78' lang='grc' dir='ltr'><strong><em>αἰῶνος</em></strong></span> <span class='ocrx_word' id='word_1_417' title='bbox 1228 4179 1261 4260; x_wconf 77' lang='grc' dir='ltr'>ἐς</span> 
     </span>
     <span class='ocr_line' id='line_1_39' title="bbox 104 4287 1260 4373; baseline -0.01 -15"><span class='ocrx_word' id='word_1_418' title='bbox 104 4287 212 4360; x_wconf 80' lang='grc' dir='ltr'><strong><em>αἰῶνα</em></strong></span> <span class='ocrx_word' id='word_1_419' title='bbox 236 4295 308 4355; x_wconf 84' lang='lat' dir='ltr'>Phil.</span> <span class='ocrx_word' id='word_1_420' title='bbox 322 4293 393 4356; x_wconf 90' lang='grc'><strong>165.</strong></span> <span class='ocrx_word' id='word_1_421' title='bbox 410 4293 649 4372; x_wconf 69' lang='lat' dir='ltr'>nomenato)</span> <span class='ocrx_word' id='word_1_422' title='bbox 672 4303 809 4355; x_wconf 88' lang='lat' dir='ltr'>aeternus</span> <span class='ocrx_word' id='word_1_423' title='bbox 833 4303 879 4356; x_wconf 87' lang='lat' dir='ltr'>est</span> <span class='ocrx_word' id='word_1_424' title='bbox 901 4292 950 4373; x_wconf 87' lang='lat' dir='ltr'>(de</span> <span class='ocrx_word' id='word_1_425' title='bbox 973 4311 1032 4372; x_wconf 90' lang='lat' dir='ltr'>quo</span> <span class='ocrx_word' id='word_1_426' title='bbox 1048 4307 1137 4367; x_wconf 89' lang='lat' dir='ltr'>supra</span> <span class='ocrx_word' id='word_1_427' title='bbox 1152 4289 1260 4349; x_wconf 85' lang='lat' dir='ltr'>dietum</span> 
     </span>
     <span class='ocr_line' id='line_1_40' title="bbox 104 4391 1260 4478; baseline -0.01 -19"><span class='ocrx_word' id='word_1_428' title='bbox 104 4397 174 4478; x_wconf 83' lang='lat' dir='ltr'>est),</span> <span class='ocrx_word' id='word_1_429' title='bbox 197 4415 252 4459; x_wconf 86' lang='lat' dir='ltr'>nee</span> <span class='ocrx_word' id='word_1_430' title='bbox 275 4399 332 4456; x_wconf 89' lang='lat' dir='ltr'>nisi</span> <span class='ocrx_word' id='word_1_431' title='bbox 354 4407 431 4458; x_wconf 83' lang='lat' dir='ltr'>torro</span> <span class='ocrx_word' id='word_1_432' title='bbox 454 4406 483 4458; x_wconf 88' lang='lat' dir='ltr'>et</span> <span class='ocrx_word' id='word_1_433' title='bbox 505 4397 569 4471; x_wconf 85' lang='lat' dir='ltr'>ipsa</span> <span class='ocrx_word' id='word_1_434' title='bbox 592 4397 711 4470; x_wconf 89' lang='lat' dir='ltr'>quidem</span> <span class='ocrx_word' id='word_1_435' title='bbox 734 4405 852 4457; x_wconf 86' lang='lat' dir='ltr'>aeterna</span> <span class='ocrx_word' id='word_1_436' title='bbox 875 4393 960 4472; x_wconf 89' lang='grc'>(397,</span> <span class='ocrx_word' id='word_1_437' title='bbox 974 4394 1024 4456; x_wconf 92' lang='grc'>27.</span> <span class='ocrx_word' id='word_1_438' title='bbox 1037 4392 1087 4454; x_wconf 92' lang='grc'>30.</span> <span class='ocrx_word' id='word_1_439' title='bbox 1112 4392 1147 4451; x_wconf 84' lang='lat' dir='ltr'>os.</span> <span class='ocrx_word' id='word_1_440' title='bbox 1162 4391 1260 4450; x_wconf 82' lang='lat' dir='ltr'>Critoi.</span> 
     </span>
    </p>
   </div>
   <div class='ocr_carea' id='block_1_3' title="bbox 0 0 1528 5164">
    <p class='ocr_par' dir='ltr' id='par_1_3' title="bbox 0 0 1528 5164">
     <span class='ocr_line' id='line_1_41' title="bbox 0 0 1528 5164; baseline 0 0"><span class='ocrx_word' id='word_1_441' title='bbox 0 0 1528 5164; x_wconf 95' lang='lat' dir='ltr'> </span> 
     </span>
    </p>
   </div>
  </div>
 </body>
</html>
