3024 5162
808 349 870 412 234

267 539 384 598 quoquo
408 525 481 582 liber
503 525 714 582 condemnatur
747 537 834 600 quem
857 522 945 596 longe
972 521 1060 582 alium
1083 522 1119 580 ah
1141 520 1295 582 Aristotele
1317 528 1414 580 aneto·

264 641 326 683 rem
354 626 462 684 reterre
488 633 566 685 reete
592 625 749 700 professus
776 631 821 682 est
844 625 971 698 Spengel
999 623 1176 696 (dunelmi
1203 623 1342 697 anzeigen
1365 623 1413 680 Bd.

266 729 326 786 llll.
343 725 436 788 1845.
459 746 487 802 p.
503 727 640 787 41-44
658 723 730 800 52),
759 743 936 802 quamquam
963 726 1046 787 nihili
1073 725 1147 788 latio
1175 741 1209 784 ea
1236 740 1310 798 quae
1332 724 1359 782 is
1381 725 1414 782 de

266 831 331 904 ipso
354 831 492 904 loquendi
515 845 572 890 usu
595 838 624 889 et
645 821 895 890 formulis'attulit
917 831 959 903 (p.
976 822 1027 888 43.
1041 828 1076 886 ef.
1093 827 1144 886 42.
1169 827 1303 888 similiter
1320 826 1413 884 Prantl

266 932 296 990 in
325 930 489 990 Zeitsohrilt
520 933 567 990 ldr
595 931 825 992 altentamswiss.
855 929 947 991 1846.
977 949 1005 1008 p.
1027 928 1118 1003 646);
1152 929 1181 988 in
1216 945 1275 1004 quo
1309 943 1413 1002 genere

266 1031 359 1105 magis
392 1033 587 1092 advertendus
621 1041 666 1092 est
697 1041 798 1106 utpote
832 1033 938 1094 certior
970 1030 1198 1107 praepositionis
1230 1019 1316 1113 ὑπὲρ
1345 1045 1414 1090 usus

267 1133 376 1193 Ethieis
408 1133 566 1192 Eudemeis
599 1143 815 1194 consentaneus
848 1141 876 1192 et
907 1134 1162 1209 frequentissimus
1196 1135 1253 1206 (so.
1282 1131 1415 1191 omnihus

269 1235 328 1292 iere
356 1235 430 1293 loeis
456 1235 506 1293 ubi
539 1236 602 1294 fieri
625 1238 728 1308 potuit,
752 1237 787 1294 ei.
804 1233 849 1298 81)
865 1235 915 1294 21.
933 1234 983 1307 11,
999 1234 1049 1296 20.
1069 1235 1134 1294 116
1149 1233 1179 1300 8.
1197 1234 1226 1295 9.
1244 1232 1293 1295 10.
1312 1231 1364 1293 14.
1380 1229 1427 1316 15-

268 1351 323 1394 neo
345 1335 402 1395 nisi
418 1335 482 1395 116
499 1335 539 1396 16
569 1337 693 1396 habetur
714 1328 802 1421 περί.
837 1339 958 1398 verbum
986 1335 1196 1420 menoetiades
1217 1354 1245 1410 p.
1267 1335 1337 1408 9,2
1367 1335 1415 1394 elsi

269 1453 419 1511 nunquam
442 1437 516 1510 apud
529 1437 713 1498 Aristotelem
737 1455 895 1500 occurrens
917 1453 973 1498 neo
989 1439 1044 1498 nisi
1057 1441 1134 1512 apud
1146 1439 1293 1500 Plotinum
1306 1439 1417 1496 demum

269 1545 299 1595 et
320 1538 544 1611 Neoplatnnieos
572 1539 754 1612 frequentius
780 1558 840 1604 non
867 1549 965 1600 tamen
1000 1540 1121 1599 offendit
1147 1550 1176 1600 et
1201 1541 1231 1600 in
1254 1539 1417 1613 fragmentis

269 1639 357 1697 etiam
378 1639 577 1713 Pythagoricis
599 1643 759 1716 reperitur)
792 1659 848 1702 nec
874 1643 972 1702 minus
1000 1631 1115 1704 οὐσίαι
1146 1644 1213 1704 illae
1240 1639 1374 1726 reperitote
1394 1648 1418 1700 et

270 1729 424 1823 «istiusque
452 1748 616 1801 ceterorum
639 1745 770 1806 omnium
792 1744 932 1804 librorum
957 1745 1025 1804 usui
1046 1751 1220 1819 repugnant,
1252 1744 1302 1819 qui
1328 1745 1353 1803 si
1374 1761 1417 1802 ex·

269 1841 369 1914 plicari
391 1842 474 1900 facile
496 1850 593 1915 potest
613 1845 720 1918 (Waltz
738 1845 805 1918 Org.
822 1844 851 1918 1.,
864 1844 941 1920 284)
966 1849 1061 1906 eidem
1084 1854 1181 1906 lamen
1207 1848 1320 1907 auctori
1336 1847 1416 1906 nibai

270 1943 373 2016 nequit
396 1944 446 2016 (af.
472 1943 599 2017 Spengel
621 1963 650 2019 p.
665 1946 717 2003 44.
742 1947 812 2008 nihil
835 1955 932 2009 autem
948 1947 977 2008 in
1001 1949 1076 2008 hano
1100 1965 1160 2008 rem
1181 1950 1279 2008 valent
1301 1967 1357 2009 sex
1376 1950 1418 2008 illa

268 2053 366 2104 motus
388 2044 598 2120 generauit,
622 2063 710 2120 quarn
732 2049 872 2122 loquendi
894 2049 1089 2110 diversitatem
1113 2051 1217 2110 iniuria
1235 2059 1323 2127 urget
1339 2053 1417 2112 etiam

269 2146 367 2204 Prantl
388 2164 416 2219 p.
434 2142 521 2219 651).
567 2149 631 2221 lpsa
661 2157 757 2208 antem
786 2152 874 2212 nimia
903 2161 931 2211 et
958 2151 1244 2227 argumentationum
1270 2162 1298 2213 et
1328 2171 1417 2214 exem-

269 2247 384 2319 plorum
406 2247 569 2306 verbositas
593 2250 643 2321 (ef.
666 2251 793 2310 maxime
815 2254 912 2314 Prantl
935 2271 963 2327 p.
978 2253 1040 2315 646
1053 2257 1124 2329 sq),
1149 2270 1223 2328 quae
1245 2257 1373 2316 maxime
1393 2257 1417 2314 in

269 2361 304 2406 eo
327 2347 457 2406 cernitur
478 2351 558 2422 quod
580 2349 610 2408 in
631 2350 696 2423 ipse
720 2353 979 2416 demonstrationis
997 2358 1227 2430 clausulaatque
1240 2357 1269 2416 in
1282 2359 1417 2432 exemplis

270 2447 450 2520 explicandis
482 2451 619 2524 omnihus
650 2453 747 2513 omnia
773 2456 946 2530 plerumque
973 2459 1141 2532 propositae
1171 2458 1232 2518 sive
1259 2459 1416 2534 argumenti

268 2550 331 2608 aire
353 2550 531 2608 definitionis
554 2553 717 2614 sententiae
739 2555 828 2613 verba
849 2565 1021 2630 repetuntur
1043 2561 1089 2618 his
1112 2567 1192 2618 terve
1215 2560 1416 2634 eadem(relnt

269 2668 297 2724 p.
314 2650 343 2722 2,
356 2648 398 2710 34
414 2683 455 2692 -
470 2652 525 2710 hl:
549 2646 591 2712 τοὶ
613 2643 645 2714 δ’
671 2642 758 2716 dito
779 2645 889 2718 πάντα
911 2646 987 2740 ἥκοι
1008 2651 1090 2722 καθ’
1115 2650 1346 2739 ὑποκειμένων
1368 2655 1416 2723 λε’-

268 2771 361 2834 γεοοιι
382 2751 448 2814 τῶν
469 2744 609 2834 πρώτων
632 2745 755 2817 οὐσιῶν
776 2747 798 2840 ἢ
820 2751 854 2819 ἐν
875 2747 1113 2838 ὑποκειμέναις
1135 2753 1252 2838 αὐτοῖς
1273 2756 1363 2827 ἐστίν
1380 2797 1415 2806 -

269 2847 355 2918 ὥστε
386 2849 428 2917 τοὶ
460 2843 547 2918 dita
579 2847 689 2920 πάντα
722 2847 799 2942 ἤτοι
830 2851 913 2922 καθ’
943 2851 1172 2941 ὑποκειμένων
1199 2861 1334 2948 λέγεται
1357 2866 1415 2928 τῶν

268 2949 410 3043 πρώτων
431 2948 554 3020 οὐσιῶν
576 2949 598 3040 ἢ
621 2953 654 3022 e'r
676 2950 913 3040 ὑποκειμέναις
935 2954 1254 3044 adsumserit-p.
1269 2969 1313 3030 16
1327 2968 1415 3030 2-6ε

268 3056 310 3124 τὰ
333 3057 371 3125 δὲ
394 3050 464 3124 οὔτ’
489 3056 523 3124 ἑν
543 3051 863 3148 ὑποκειμένωέσιὶν
885 3053 961 3128 οὔτε
982 3059 1064 3130 καθ’
1088 3059 1311 3150 ὑποκειμένου
1335 3067 1416 3154 λέγε-

266 3183 338 3239 ται,
367 3151 439 3225 οἷον
467 3153 486 3225 ὑ
511 3158 561 3236 οἱς
588 3153 772 3246 ἅνθρωπος
800 3162 857 3228 καὶ
883 3158 901 3229 ὑ
927 3163 978 3242 εἰς
1002 3163 1125 3244 ἵππος·
1155 3163 1252 3236 οὐδὲν
1274 3167 1338 3257 γὰρ
1355 3171 1416 3247 λτῶν

266 3257 427 3330 τοιούτων
460 3254 536 3327 οὑκε
568 3261 602 3328 ἓν
631 3257 840 3350 ὑποκειμένῳ
872 3262 959 3330 ἐστὶν
986 3260 1062 3334 oilae
1089 3265 1173 3336 καθ’
1202 3265 1416 3356 ὑποκειμένου

267 3365 410 3452 λέγεται.
437 3369 577 3429 similium
598 3372 731 3430 locorum
752 3371 820 3432 lieet
841 3372 930 3430 unius
954 3375 1079 3448 exempli
1102 3375 1194 3436 instar
1210 3379 1415 3440 sittotuslilter

266 3484 363 3536 tamen
386 3473 526 3549 respicias
549 3475 621 3532 haee
644 3476 790 3549 exempla:
815 3491 839 3549 ο.
856 3473 885 3532 2.
908 3491 936 3548 p.
954 3472 999 3534 36
1015 3473 1055 3536 37
1072 3509 1113 3518 -
1128 3478 1158 3551 4,
1174 3475 1204 3538 8.
1218 3479 1413 3542 tntu-to.

265 3581 311 3639 46
326 3575 463 3638 35-32
481 3573 510 3648 5,
527 3574 632 3636 2—14
655 3577 706 3636 uni
728 3577 800 3638 illud
821 3568 863 3638 roi
884 3566 988 3656 μόρια
1011 3567 1172 3642 συνάπτει
1198 3598 1315 3657 semper
1337 3599 1414 3658 repe

265 3682 343 3740 titur.
372 3675 401 3750 5,
418 3674 553 3738 33-36.
570 3675 614 3738 56
631 3675 765 3740 ‘tt-29.
783 3679 812 3752 6,
829 3677 957 3740 26-30
970 3697 1035 3754 sqq.
1059 3679 1088 3751 6,
1105 3679 1146 3743 37
1162 3715 1204 3726 m
1219 3684 1275 3758 61,
1308 3687 1359 3745 nbi
1382 3686 1412 3743 ol.

265 3783 352 3842 etiam
368 3779 396 3853 6,
413 3777 454 3840 37
467 3797 531 3854 sqq.
556 3787 585 3839 et
606 3797 711 3840 novam
727 3785 929 3857 exemplorum
944 3783 1051 3843 seriem
1068 3783 1111 3847 66
1123 3783 1144 3845 8
1157 3801 1221 3860 sqq.
1238 3786 1268 3858 9,
1283 3784 1412 3846 16-24.

265 3885 295 3956 9,
312 3881 352 3944 36
368 3917 410 3928 —-
426 3885 479 3943 64.
496 3881 547 3956 10,
564 3881 699 3947 13-16,
716 3881 767 3958 11,
784 3883 908 3948 15-19
922 3893 975 3944 οιο.
1000 3885 1233 3962 dissograplriem
1249 3889 1328 3948 illam
1344 3891 1414 3950 Sim-

266 3988 344 4064 plioii
366 3988 403 4046 ad
419 3986 497 4047 266
521 3995 549 4046 et
571 3988 693 4046 alterum
715 3989 813 4047 lorum
835 3987 976 4046 maiorem
998 3987 1028 4046 iu
1052 4005 1111 4062 quo
1134 3993 1235 4050 eadem
1258 4007 1306 4050 res
1321 3991 1413 4052 uernis

267 4093 364 4167 paullo
392 4089 510 4150 mutatis
543 4089 588 4148 bis
611 4089 752 4162 repetitur
773 4107 801 4163 p.
817 4089 847 4162 4,
864 4086 906 4152 28
922 4105 987 4163 sqq.
1009 4113 1045 4142 ε
1067 4092 1113 4150 46
1130 4092 1226 4171 4εοο.
1261 4110 1297 4152 ex
1330 4094 1413 4152 altera

268 4193 485 4275 Cetegoriarum
518 4190 690 4251 recensione
723 4192 914 4264 interpolatos
943 4207 1011 4252 esse
1037 4195 1195 4252 admodum
1223 4195 1414 4254 verisimiliter

264 4295 365 4356 statuit
386 4297 513 4372 Spengel
524 4311 552 4370 p.
568 4291 617 4367 52,
641 4293 716 4351 mele
733 4307 799 4352 eum
813 4293 962 4370 Simplicio
975 4295 1150 4357 defendente
1162 4295 1283 4356 Waitzio
1296 4295 1324 4368 1,
1339 4292 1412 4356 tal:

267 4399 347 4458 tmde
366 4404 463 4458 tamen
487 4399 619 4472 sequitur
632 4395 771 4468 Simplioil
795 4403 888 4456 aetate
900 4409 1062 4470 eorumque
1073 4397 1181 4470 quibus
1194 4399 1284 4459 utitrrr
1295 4399 1413 4458 alterum
