3036 5164
815 361 878 422 ¹100

267 531 413 606 praedicat
438 537 468 590 ut
491 531 547 605 ipsi
570 530 680 604 passim
705 529 1018 604 Pscutlopythogorici,
1044 527 1148 586 mirum
1172 533 1311 600 quantum
1337 527 1422 584 distat

267 635 303 692 ah
326 649 415 692 aureo
439 633 488 691 illo
511 640 539 690 et
562 633 663 690 sedato
687 632 807 690 domine
830 631 1004 702 Aristotelis,
1030 645 1084 687 nec
1107 630 1206 688 minus
1220 630 1268 687 ille
1284 629 1334 702 qni
1349 629 1423 686 Rhe-

267 735 388 793 loricam
411 733 529 806 scripsit
550 734 587 790 ad
610 734 806 792 Alexandrum
829 747 929 807 regem
953 732 1014 790 sire
1042 721 1265 812 ὑπομνήματα
1288 721 1370 810 περί
1390 747 1424 788 τε

265 833 331 896 τῶν
361 831 544 896 πολιτικῶν
570 828 717 894 καὶτῶν
744 831 922 895 δικανικῶν
949 824 1232 916 παραγγελμάτων
1255 830 1379 908 (14215
1397 829 1422 889 5.

268 939 303 996 cl'.
327 935 517 1010 Theophrasti
542 930 805 1019 παραγγέλματα
826 934 998 1019 ῥητορικῆς
1021 935 1051 993 lt.
1070 937 1099 994 L.
1117 933 1146 1006 5,
1162 933 1227 1011 47).
1271 935 1323 992 llic
1348 933 1423 990 enim

266 1040 365 1096 rhetor
392 1039 478 1111 plane
506 1046 567 1108 est,
602 1053 693 1111 quum
721 1039 751 1096 iu
774 1039 925 1111 epistolica
954 1053 1042 1111 quam
1071 1035 1223 1110 praemisit
1244 1034 1424 1107 praefatione

267 1138 469 1196 tralationibus
498 1146 527 1196 et
555 1139 656 1212 liguris
689 1140 824 1214 distincta
861 1148 913 1210 „ut
942 1139 1032 1196 verba
1053 1138 1152 1195 verbis
1175 1136 1259 1210 quasi
1284 1138 1424 1194 demensa

266 1248 296 1297 et
316 1237 396 1312 peria
420 1241 627 1312 respondeant,
651 1248 683 1299 ut
706 1242 810 1298 erebro
832 1241 1019 1298 conserantur
1035 1237 1192 1312 pugnantia
1206 1245 1425 1310 comparentur

267 1357 324 1414 qua
347 1341 490 1398 contraria
515 1349 544 1399 et
565 1349 598 1399 ut
619 1342 726 1414 pariter
749 1335 879 1400 extrema
893 1340 1086 1399 lancinantur
1101 1340 1287 1411 eundemque
1298 1338 1424 1396 referant
1495 1323 1496 1352 λ

267 1442 296 1499 in
310 1442 442 1499 cadendo
455 1443 588 1513 sonum,⁷'
600 1444 743 1501 extollens
755 1443 804 1501 ille
820 1442 941 1500 rationis
954 1431 1080 1523 (λόγοιν)
1094 1440 1263 1514 dignitatem
1280 1439 1423 1512 (cllsocr.

267 1542 376 1600 Nicocl.
390 1540 483 1601 5ssc.
508 1536 586 1624 περὶ
608 1532 757 1603 ἀντιδόσ.
772 1539 930 1603 253-57.
944 1540 1218 1618 Ροοοςγ147-40
1231 1538 1300 1616 etc.)
1323 1548 1355 1598 et
1369 1536 1425 1620 τῆς

268 1641 335 1704 τῶν
357 1633 464 1724 λόγων
487 1635 696 1726 φιλοσοφίας
718 1652 746 1701 οι
768 1651 850 1702 inore
872 1646 958 1718 plane
981 1645 1126 1702 Isocrateo
1150 1652 1178 1700 et
1195 1643 1258 1715 ipso
1272 1642 1424 1710 vocabulo,

268 1753 330 1804 tum
355 1763 390 1804 eo
414 1746 479 1820 ipso
504 1748 582 1819 qtrod
606 1753 779 1804 nouantem
805 1763 839 1804 ex
862 1747 991 1820 priorum
1016 1745 1200 1804 orationihus
1223 1743 1424 1816 exemplisque

269 1847 409 1906 describit
432 1847 672 1921 demonstratque
697 1856 728 1906 ut
750 1848 955 1922 philosophus,
980 1849 1032 1906 sed
1056 1848 1085 1905 in
1109 1847 1207 1920 ipsum
1222 1861 1324 1903 eorum
1338 1861 1423 1902 usum

269 1949 319 2021 qui
346 1963 379 2005 se
407 1949 589 2006 orationihus
620 1949 681 2007 sive
710 1949 852 2007 habendis
876 1949 938 2006 sive
962 1949 1127 2006 scribendis
1150 1948 1201 2020 (ci.
1218 1962 1242 2004 c.
1259 1943 1300 2005 39
1316 1947 1359 2004 in.
1376 1944 1423 2006 30.

269 2046 363 2121 1436,
380 2047 437 2121 26)
461 2063 599 2106 exercerc
622 2050 713 2108 velint
735 2044 831 2130 (περὶ
852 2044 931 2124 τούς
954 2041 1073 2131 λόγους
1084 2039 1315 2132 γυμνάζεσθαι
1332 2046 1423 2116 1446,

269 2148 319 2210 35.
344 2151 380 2208 cl.
405 2142 487 2209 acroi
510 2142 553 2208 τοὶ
576 2142 858 2231 προγυμνάσματα
872 2152 965 2222 1436,
979 2153 1035 2227 25)
1059 2158 1213 2226 praecepta
1227 2151 1315 2209 tradit
1328 2152 1424 2209 locos·

269 2265 327 2324 que
361 2239 503 2324 (τόπους
535 2251 619 2324 quasi
648 2253 825 2326 rhetoricos)
863 2256 974 2328 colligit
1007 2269 1144 2314 sermone
1177 2254 1213 2310 ad
1248 2253 1423 2326 discipulum

268 2352 407 2410 lectorem
441 2368 558 2426 semper
584 2367 726 2412 converso
756 2356 827 2414 satis
855 2356 974 2429 quidem
998 2355 1065 2415 exili
1100 2355 1151 2427 (el.
1175 2355 1330 2428 repetitum
1356 2355 1424 2412 illud

268 2447 305 2527 ἐξ
325 2435 371 2512 ῶν
394 2442 648 2535 εὐπορήσομεν),
673 2471 708 2514 eo
731 2463 827 2514 tamen
852 2473 940 2530 quem
961 2459 998 2516 ab
1021 2457 1163 2530 epistolae
1175 2464 1293 2514 auctore
1305 2456 1424 2515 minime
1498 2511 1499 2544 ,

269 2554 408 2628 seiuugas
431 2554 476 2627 (id
499 2556 578 2629 quod
601 2556 694 2613 voluit
716 2556 844 2632 Spengel
866 2560 924 2617 Art.
944 2560 1043 2634 script.
1056 2575 1084 2632 p.
1098 2555 1170 2628 187,
1194 2557 1325 2616 Ananim.
1352 2560 1422 2616 rhet.

267 2673 296 2729 p.
314 2652 366 2725 93,
390 2657 493 2713 eodem
515 2656 614 2714 iudicii
637 2657 756 2716 arbitrio
784 2675 844 2732 quo
873 2662 951 2720 idem
977 2661 1007 2718 iu
1035 2659 1110 2718 libro
1132 2660 1170 2718 de
1191 2660 1302 2717 mundo
1326 2659 1422 2718 Osann
1497 2673 1498 2680 ι

267 2756 355 2814 Beitr.
372 2753 402 2826 1,
418 2755 481 2814 246
493 2758 569 2830 sq.):
604 2765 681 2817 certe
710 2759 789 2818 enim
811 2762 953 2820 ridiculus
982 2763 1087 2820 luisset
1109 2767 1159 2818 aut
1181 2760 1280 2832 potius
1303 2760 1424 2820 insanus

268 2857 318 2930 qui
346 2858 376 2916 in
400 2859 533 2917 docendo
561 2859 643 2917 etin
670 2863 833 2936 praeceptis
862 2865 990 2921 eundem
1018 2864 1064 2921 cui
1092 2861 1188 2937 potuit
1214 2861 1243 2920 in
1271 2841 1422 2936 epistolica
1499 2917 1500 2930 ,

268 2961 423 3034 ethicoque
446 2974 583 3018 sermone
607 2961 758 3032 (similiter
780 2972 867 3036 atque
890 2965 1032 3023 isocrates
1061 2965 1090 3023 iu
1119 2963 1196 3037 ipsis
1215 2962 1318 3022 ethicis
1341 2979 1422 3037 prae-

267 3059 360 3134 ceptis
382 3061 420 3117 ad
442 3059 635 3118 Demonicum
658 3069 687 3120 et
709 3065 745 3120 ad
769 3064 930 3136 Nicoclem)
954 3065 1107 3141 indulgere
1119 3065 1278 3138 figurarum
1290 3072 1421 3122 ornatum
1454 3097 1456 3104 κ

267 3159 460 3218 adhibuisset.
511 3161 610 3234 ltaque
638 3161 714 3220 sicut
740 3164 869 3224 lacerant
895 3165 952 3222 iam
979 3174 1047 3225 ante
1075 3182 1143 3224 enm
1170 3168 1282 3224 dudum
1308 3173 1422 3239 recepto

268 3259 429 3318 litterarum
452 3277 560 3335 genere
581 3253 802 3346 τεχνογράφοι
824 3266 907 3324 multi
921 3265 1031 3339 (1420,
1049 3267 1099 3328 10.
1116 3266 1210 3339 1421,
1223 3261 1279 3349 39)
1301 3267 1422 3341 ipseque

267 3361 532 3421 Pseudaristoteles
566 3363 595 3421 in
618 3367 781 3439 praeceptis
804 3368 957 3427 rhetoricis
980 3369 1016 3426 ad
1039 3370 1234 3428 Theodectem
1257 3370 1374 3443 scriptis
1396 3376 1421 3426 et

268 3461 318 3536 qui
341 3467 444 3520 auctor
464 3463 519 3523 luit
540 3464 605 3522 libri
629 3465 657 3524 in
683 3466 801 3526 Coracis
824 3469 931 3527 veteris
953 3469 1032 3528 illius
1055 3485 1161 3527 nomen
1187 3470 1321 3528 editi-
1337 3474 1420 3530 talem

267 3563 345 3621 enim
378 3580 480 3624 revera
513 3565 644 3625 extitisse
678 3569 843 3642 significare
876 3572 963 3629 etiam
990 3587 1025 3628 ee
1050 3571 1188 3629 videntur
1214 3587 1289 3644 quae
1315 3575 1421 3632 habent

267 3665 381 3738 Syrien.
405 3665 503 3724 Schol.
533 3666 561 3723 in
586 3668 721 3743 Hermog.
745 3677 839 3730 status
862 3687 907 3745 ap.
933 3673 1010 3730 Walz
1034 3673 1117 3732 libel.
1142 3673 1190 3731 Gr.
1207 3673 1242 3730 lV
1263 3691 1291 3747 p.
1309 3672 1372 3736 575
1395 3681 1421 3732 et

266 3763 361 3822 bnon.
390 3764 521 3842 Prolegg.
550 3767 580 3824 in
607 3769 781 3845 Hemnogen.
806 3775 880 3832 rhet.
905 3773 943 3830 ih.
977 3790 1005 3847 p.
1023 3772 1064 3832 12
1076 3791 1121 3849 sq.
1156 3775 1191 3832 cl.
1216 3776 1344 3850 Spengel
1370 3783 1418 3834 art.

267 3880 323 3925 scr.
347 3883 375 3939 p.
392 3865 433 3924 24
455 3895 498 3906 -
524 3868 633 3940 quibus
660 3872 778 3932 duobus
807 3889 839 3932 se
869 3874 998 3933 lontibus
1025 3892 1113 3934 usum
1141 3892 1208 3935 esse
1236 3877 1305 3936 dicit
1328 3875 1418 3946 1421,

267 3963 309 4027 38
322 3983 398 4042 sqq,
424 3968 464 4026 ita
487 3968 574 4028 huius
597 3970 668 4029 artis
690 3981 792 4032 auctor
803 3975 920 4033 exhibet
936 3964 1109 4051 μεθόδους
1120 3967 1227 4059 λόγων
1239 3973 1419 4040 πολιτικῶν

267 4066 377 4142 (1420,
399 4067 428 4128 7.
457 4067 610 4128 142157.
641 4069 734 4145 1436,
757 4073 808 4146 28,
842 4077 877 4133 ο1.
902 4077 1038 4136 Isocratis
1072 4079 1119 4138 illa
1158 4071 1325 4164 ἐπιστήμη
1356 4079 1420 4142 τῶν

267 4165 451 4232 πολιτικῶν
484 4161 591 4252 λόγων
623 4180 723 4232 eontra
756 4177 846 4251 Soph.
865 4176 915 4236 21.
948 4181 983 4236 cl.
1000 4179 1018 4239 9
1037 4195 1081 4254 sq.
1105 4179 1232 4242 16-18
1249 4185 1320 4256 etc.)
1348 4199 1418 4258 quas

266 4273 456 4348 eprincipali
484 4279 565 4347 parte
593 4275 694 4334 delinit
721 4279 833 4338 addens
866 4274 923 4340 καὶ
955 4276 1132 4344 δικανικῶν
1165 4283 1261 4357 (1421
1288 4286 1348 4358 hd)
1371 4300 1417 4343 ce-

265 4374 395 4447 terisque
433 4375 590 4448 generibus
623 4379 851 4438 demonstrativo
890 4397 929 4440 se.
962 4390 991 4439 et
1022 4383 1211 4444 deliberativo
1246 4403 1314 4445 vere
1346 4387 1418 4459 poli·
