<?xml version="1.0" encoding="UTF-8"?>
<!DOCTYPE html PUBLIC "-//W3C//DTD XHTML 1.0 Transitional//EN"
    "http://www.w3.org/TR/xhtml1/DTD/xhtml1-transitional.dtd">
<html xmlns="http://www.w3.org/1999/xhtml" xml:lang="en" lang="en">
 <head>
  <title>
</title>
<meta http-equiv="Content-Type" content="text/html;charset=utf-8" />
  <meta name='ocr-system' content='tesseract 3.04.00' />
  <meta name='ocr-capabilities' content='ocr_page ocr_carea ocr_par ocr_line ocrx_word'/>
</head>
<body>
  <div class='ocr_page' id='page_1' title='image "./dearistotelisli01rosegoog_0198.png"; bbox 0 0 3024 5162; ppageno 0'>
   <div class='ocr_carea' id='block_1_1' title="bbox 676 295 735 360">
    <p class='ocr_par' dir='ltr' id='par_1_1' title="bbox 676 295 735 360">
     <span class='ocr_line' id='line_1_1' title="bbox 676 295 735 360; baseline 0.034 -3"><span class='ocrx_word' id='word_1_1' title='bbox 676 295 735 360; x_wconf 86' lang='lat' dir='ltr'>lot</span> 
     </span>
    </p>
   </div>
   <div class='ocr_carea' id='block_1_2' title="bbox 99 460 1277 3718">
    <p class='ocr_par' dir='ltr' id='par_1_2' title="bbox 99 460 1277 3718">
     <span class='ocr_line' id='line_1_2' title="bbox 126 460 1277 544; baseline 0.012 -24"><span class='ocrx_word' id='word_1_2' title='bbox 126 460 241 520; x_wconf 75' lang='lat' dir='ltr'><strong>centies</strong></span> <span class='ocrx_word' id='word_1_3' title='bbox 264 463 365 524; x_wconf 89' lang='lat' dir='ltr'>eadem</span> <span class='ocrx_word' id='word_1_4' title='bbox 390 463 451 522; x_wconf 89' lang='lat' dir='ltr'>sive</span> <span class='ocrx_word' id='word_1_5' title='bbox 478 467 584 528; x_wconf 91' lang='lat' dir='ltr'>iisdem</span> <span class='ocrx_word' id='word_1_6' title='bbox 611 469 707 528; x_wconf 89' lang='lat' dir='ltr'>verbis</span> <span class='ocrx_word' id='word_1_7' title='bbox 735 469 797 528; x_wconf 91' lang='lat' dir='ltr'>sive</span> <span class='ocrx_word' id='word_1_8' title='bbox 823 471 921 544; x_wconf 89' lang='lat' dir='ltr'>paullo</span> <span class='ocrx_word' id='word_1_9' title='bbox 949 471 1066 532; x_wconf 89' lang='lat' dir='ltr'>mutetis</span> <span class='ocrx_word' id='word_1_10' title='bbox 1089 473 1135 532; x_wconf 92' lang='lat' dir='ltr'>bis</span> <span class='ocrx_word' id='word_1_11' title='bbox 1158 475 1203 532; x_wconf 87' lang='lat' dir='ltr'>val</span> <span class='ocrx_word' id='word_1_12' title='bbox 1225 475 1277 536; x_wconf 88' lang='lat' dir='ltr'>tria</span> 
     </span>
     <span class='ocr_line' id='line_1_3' title="bbox 124 562 1276 648; baseline 0.015 -29"><span class='ocrx_word' id='word_1_13' title='bbox 124 569 177 623; x_wconf 87' lang='lat' dir='ltr'>aut</span> <span class='ocrx_word' id='word_1_14' title='bbox 199 562 310 637; x_wconf 86' lang='lat' dir='ltr'>integro</span> <span class='ocrx_word' id='word_1_15' title='bbox 332 572 381 626; x_wconf 90' lang='lat' dir='ltr'>out</span> <span class='ocrx_word' id='word_1_16' title='bbox 404 581 439 626; x_wconf 84' lang='lat' dir='ltr'>ex</span> <span class='ocrx_word' id='word_1_17' title='bbox 461 575 543 641; x_wconf 85' lang='lat' dir='ltr'>porte</span> <span class='ocrx_word' id='word_1_18' title='bbox 565 578 698 645; x_wconf 87' lang='lat' dir='ltr'>repetere</span> <span class='ocrx_word' id='word_1_19' title='bbox 710 587 768 630; x_wconf 90' lang='lat' dir='ltr'>non</span> <span class='ocrx_word' id='word_1_20' title='bbox 781 573 948 646; x_wconf 86' lang='lat' dir='ltr'>supersedit</span> <span class='ocrx_word' id='word_1_21' title='bbox 959 573 1010 646; x_wconf 86' lang='lat' dir='ltr'>(cl.</span> <span class='ocrx_word' id='word_1_22' title='bbox 1023 573 1119 634; x_wconf 89' lang='lat' dir='ltr'>Prentl</span> <span class='ocrx_word' id='word_1_23' title='bbox 1131 590 1158 648; x_wconf 89' lang='lat' dir='ltr'>p.</span> <span class='ocrx_word' id='word_1_24' title='bbox 1171 572 1276 636; x_wconf 79' lang='lat' dir='ltr'>att-</span> 
     </span>
     <span class='ocr_line' id='line_1_4' title="bbox 123 660 1276 752; baseline 0.011 -25"><span class='ocrx_word' id='word_1_25' title='bbox 123 660 193 738; x_wconf 77' lang='lat' dir='ltr'>tt),</span> <span class='ocrx_word' id='word_1_26' title='bbox 216 667 378 741; x_wconf 84' lang='lat' dir='ltr'>compilans</span> <span class='ocrx_word' id='word_1_27' title='bbox 400 668 449 728; x_wconf 90' lang='lat' dir='ltr'>ille</span> <span class='ocrx_word' id='word_1_28' title='bbox 471 671 651 744; x_wconf 77' lang='lat' dir='ltr'><strong>problemata</strong></span> <span class='ocrx_word' id='word_1_29' title='bbox 677 675 854 737; x_wconf 77' lang='lat' dir='ltr'><strong>verbotenus</strong></span> <span class='ocrx_word' id='word_1_30' title='bbox 880 677 1054 750; x_wconf 83' lang='lat' dir='ltr'>plerumque</span> <span class='ocrx_word' id='word_1_31' title='bbox 1082 686 1217 752; x_wconf 82' lang='lat' dir='ltr'>excerpta</span> <span class='ocrx_word' id='word_1_32' title='bbox 1240 695 1276 740; x_wconf 81' lang='lat' dir='ltr'>cx</span> 
     </span>
     <span class='ocr_line' id='line_1_5' title="bbox 122 767 1275 852; baseline 0.013 -26"><span class='ocrx_word' id='word_1_33' title='bbox 122 767 242 842; x_wconf 88' lang='lat' dir='ltr'>seriptis</span> <span class='ocrx_word' id='word_1_34' title='bbox 266 769 476 844; x_wconf 90' lang='lat' dir='ltr'>discipulorum</span> <span class='ocrx_word' id='word_1_35' title='bbox 498 773 662 834; x_wconf 82' lang='lat' dir='ltr'>Aristotelis</span> <span class='ocrx_word' id='word_1_36' title='bbox 685 783 785 850; x_wconf 83' lang='lat' dir='ltr'><strong>utpote</strong></span> <span class='ocrx_word' id='word_1_37' title='bbox 807 778 837 839; x_wconf 89' lang='lat' dir='ltr'>in</span> <span class='ocrx_word' id='word_1_38' title='bbox 860 779 948 838; x_wconf 92' lang='lat' dir='ltr'>rebus</span> <span class='ocrx_word' id='word_1_39' title='bbox 965 779 1187 852; x_wconf 64' lang='lat' dir='ltr'>particularibus</span> <span class='ocrx_word' id='word_1_40' title='bbox 1202 782 1275 848; x_wconf 86' lang='lat' dir='ltr'>uhe-</span> 
     </span>
     <span class='ocr_line' id='line_1_6' title="bbox 121 869 1274 951; baseline 0.017 -25"><span class='ocrx_word' id='word_1_41' title='bbox 121 869 247 942; x_wconf 91' lang='lat' dir='ltr'>riorum‚</span> <span class='ocrx_word' id='word_1_42' title='bbox 281 871 407 932; x_wconf 85' lang='lat' dir='ltr'>maxime</span> <span class='ocrx_word' id='word_1_43' title='bbox 440 881 538 934; x_wconf 91' lang='lat' dir='ltr'>autem</span> <span class='ocrx_word' id='word_1_44' title='bbox 565 877 755 951; x_wconf 80' lang='lat' dir='ltr'>Theophrasti</span> <span class='ocrx_word' id='word_1_45' title='bbox 788 879 839 951; x_wconf 86' lang='lat' dir='ltr'>(cl.</span> <span class='ocrx_word' id='word_1_46' title='bbox 864 879 1025 944; x_wconf 83' lang='lat' dir='ltr'>Schneider</span> <span class='ocrx_word' id='word_1_47' title='bbox 1051 881 1079 940; x_wconf 91' lang='grc'>10</span> <span class='ocrx_word' id='word_1_48' title='bbox 1108 886 1274 946; x_wconf 85' lang='lat' dir='ltr'>commod</span> 
     </span>
     <span class='ocr_line' id='line_1_7' title="bbox 120 964 1271 1069; baseline 0.016 -40"><span class='ocrx_word' id='word_1_49' title='bbox 120 972 213 1032; x_wconf 93' lang='lat' dir='ltr'>libros</span> <span class='ocrx_word' id='word_1_50' title='bbox 246 964 511 1054; x_wconf 62' lang='lat' dir='ltr'>Thraeicium</span> <span class='ocrx_word' id='word_1_51' title='bbox 538 995 576 1038; x_wconf 82' lang='grc' dir='ltr'>π.</span> <span class='ocrx_word' id='word_1_52' title='bbox 598 969 705 1062; x_wconf 85' lang='grc' dir='ltr'><strong><em>πυρός</em></strong></span> <span class='ocrx_word' id='word_1_53' title='bbox 738 999 775 1042; x_wconf 85' lang='lat' dir='ltr'>rt.</span> <span class='ocrx_word' id='word_1_54' title='bbox 798 971 913 1044; x_wconf 84' lang='grc' dir='ltr'><em>κόπων</em></span> <span class='ocrx_word' id='word_1_55' title='bbox 945 977 1023 1066; x_wconf 78' lang='grc' dir='ltr'><em>περὶ</em></span> <span class='ocrx_word' id='word_1_56' title='bbox 1056 973 1194 1069; x_wconf 71' lang='grc' dir='ltr'><strong>1110010ος</strong></span> <span class='ocrx_word' id='word_1_57' title='bbox 1225 990 1271 1046; x_wconf 90' lang='lat' dir='ltr'>ed.</span> 
     </span>
     <span class='ocr_line' id='line_1_8' title="bbox 120 1077 1272 1156; baseline 0.012 -22"><span class='ocrx_word' id='word_1_58' title='bbox 120 1077 265 1150; x_wconf 86' lang='lat' dir='ltr'>Theophr.</span> <span class='ocrx_word' id='word_1_59' title='bbox 289 1084 308 1136; x_wconf 91' lang='lat' dir='ltr'>t.</span> <span class='ocrx_word' id='word_1_60' title='bbox 326 1078 370 1136; x_wconf 92' lang='lat' dir='ltr'>lV.</span> <span class='ocrx_word' id='word_1_61' title='bbox 399 1077 495 1138; x_wconf 89' lang='lat' dir='ltr'>Prantl</span> <span class='ocrx_word' id='word_1_62' title='bbox 518 1079 535 1136; x_wconf 92' lang='lat' dir='ltr'>l.</span> <span class='ocrx_word' id='word_1_63' title='bbox 560 1095 584 1138; x_wconf 91' lang='lat' dir='ltr'>c.</span> <span class='ocrx_word' id='word_1_64' title='bbox 613 1098 640 1154; x_wconf 93' lang='lat' dir='ltr'>p.</span> <span class='ocrx_word' id='word_1_65' title='bbox 657 1078 821 1156; x_wconf 75' lang='lat' dir='ltr'>ata-to)</span> <span class='ocrx_word' id='word_1_66' title='bbox 855 1084 939 1144; x_wconf 89' lang='lat' dir='ltr'>cuius</span> <span class='ocrx_word' id='word_1_67' title='bbox 972 1087 1011 1146; x_wconf 89' lang='lat' dir='ltr'>ita</span> <span class='ocrx_word' id='word_1_68' title='bbox 1044 1103 1148 1146; x_wconf 91' lang='lat' dir='ltr'>omnes</span> <span class='ocrx_word' id='word_1_69' title='bbox 1180 1089 1272 1150; x_wconf 87' lang='lat' dir='ltr'>libros</span> 
     </span>
     <span class='ocr_line' id='line_1_9' title="bbox 119 1179 1271 1253; baseline 0.011 -15"><span class='ocrx_word' id='word_1_70' title='bbox 119 1194 179 1238; x_wconf 91' lang='lat' dir='ltr'>una</span> <span class='ocrx_word' id='word_1_71' title='bbox 212 1195 278 1238; x_wconf 91' lang='lat' dir='ltr'>cum</span> <span class='ocrx_word' id='word_1_72' title='bbox 312 1179 385 1253; x_wconf 92' lang='lat' dir='ltr'>ipsis</span> <span class='ocrx_word' id='word_1_73' title='bbox 418 1188 469 1238; x_wconf 89' lang='lat' dir='ltr'>eut</span> <span class='ocrx_word' id='word_1_74' title='bbox 496 1180 619 1242; x_wconf 91' lang='lat' dir='ltr'>aliorum</span> <span class='ocrx_word' id='word_1_75' title='bbox 652 1185 783 1244; x_wconf 90' lang='lat' dir='ltr'>eiusdem</span> <span class='ocrx_word' id='word_1_76' title='bbox 817 1187 882 1245; x_wconf 93' lang='lat' dir='ltr'>libri</span> <span class='ocrx_word' id='word_1_77' title='bbox 916 1189 1045 1248; x_wconf 92' lang='lat' dir='ltr'>locorum</span> <span class='ocrx_word' id='word_1_78' title='bbox 1072 1197 1122 1249; x_wconf 89' lang='lat' dir='ltr'>aut</span> <span class='ocrx_word' id='word_1_79' title='bbox 1147 1191 1271 1250; x_wconf 89' lang='lat' dir='ltr'>aliorum</span> 
     </span>
     <span class='ocr_line' id='line_1_10' title="bbox 118 1279 1270 1364; baseline 0.01 -24"><span class='ocrx_word' id='word_1_80' title='bbox 118 1279 261 1341; x_wconf 91' lang='lat' dir='ltr'>librorum</span> <span class='ocrx_word' id='word_1_81' title='bbox 294 1281 482 1342; x_wconf 81' lang='lat' dir='ltr'>citationibus</span> <span class='ocrx_word' id='word_1_82' title='bbox 517 1285 611 1356; x_wconf 89' lang='lat' dir='ltr'>(velut</span> <span class='ocrx_word' id='word_1_83' title='bbox 637 1286 703 1344; x_wconf 92' lang='lat' dir='ltr'>libri</span> <span class='ocrx_word' id='word_1_84' title='bbox 729 1288 766 1346; x_wconf 91' lang='lat' dir='ltr'>de</span> <span class='ocrx_word' id='word_1_85' title='bbox 789 1288 857 1362; x_wconf 89' lang='lat' dir='ltr'>igne</span> <span class='ocrx_word' id='word_1_86' title='bbox 879 1289 973 1349; x_wconf 89' lang='lat' dir='ltr'>Prohl.</span> <span class='ocrx_word' id='word_1_87' title='bbox 990 1288 1077 1364; x_wconf 87' lang='grc'><strong>30,1</strong></span> <span class='ocrx_word' id='word_1_88' title='bbox 1100 1294 1136 1352; x_wconf 90' lang='grc'>01.</span> <span class='ocrx_word' id='word_1_89' title='bbox 1160 1295 1210 1352; x_wconf 89' lang='lat' dir='ltr'>Th.</span> <span class='ocrx_word' id='word_1_90' title='bbox 1234 1294 1270 1352; x_wconf 93' lang='lat' dir='ltr'>de</span> 
     </span>
     <span class='ocr_line' id='line_1_11' title="bbox 115 1381 1270 1466; baseline 0.011 -24"><span class='ocrx_word' id='word_1_91' title='bbox 115 1381 369 1460; x_wconf 65' lang='grc'><strong>1300340040,</strong></span> <span class='ocrx_word' id='word_1_92' title='bbox 405 1399 441 1442; x_wconf 85' lang='lat' dir='ltr'>ex</span> <span class='ocrx_word' id='word_1_93' title='bbox 468 1402 526 1458; x_wconf 86' lang='lat' dir='ltr'>qua</span> <span class='ocrx_word' id='word_1_94' title='bbox 547 1387 682 1456; x_wconf 86' lang='lat' dir='ltr'>citatione</span> <span class='ocrx_word' id='word_1_95' title='bbox 715 1381 843 1464; x_wconf 82' lang='lat' dir='ltr'>entiqui‘</span> <span class='ocrx_word' id='word_1_96' title='bbox 859 1393 977 1466; x_wconf 84' lang='lat' dir='ltr'>quidam</span> <span class='ocrx_word' id='word_1_97' title='bbox 1010 1393 1138 1454; x_wconf 90' lang='lat' dir='ltr'>editores</span> <span class='ocrx_word' id='word_1_98' title='bbox 1165 1398 1270 1456; x_wconf 79' lang='lat' dir='ltr'>deesse</span> 
     </span>
     <span class='ocr_line' id='line_1_12' title="bbox 113 1487 1270 1569; baseline 0.008 -26"><span class='ocrx_word' id='word_1_99' title='bbox 113 1501 196 1544; x_wconf 91' lang='grc'><strong>0000</strong></span> <span class='ocrx_word' id='word_1_100' title='bbox 216 1487 432 1560; x_wconf 88' lang='lat' dir='ltr'>problematum</span> <span class='ocrx_word' id='word_1_101' title='bbox 455 1491 491 1550; x_wconf 90' lang='lat' dir='ltr'>de</span> <span class='ocrx_word' id='word_1_102' title='bbox 513 1491 581 1564; x_wconf 87' lang='lat' dir='ltr'>igue</span> <span class='ocrx_word' id='word_1_103' title='bbox 604 1491 763 1550; x_wconf 85' lang='lat' dir='ltr'>sectionem</span> <span class='ocrx_word' id='word_1_104' title='bbox 776 1495 851 1554; x_wconf 79' lang='grc'><strong>01010</strong></span> <span class='ocrx_word' id='word_1_105' title='bbox 863 1495 1036 1569; x_wconf 83' lang='lat' dir='ltr'>efficiebant,</span> <span class='ocrx_word' id='word_1_106' title='bbox 1060 1497 1095 1554; x_wconf 89' lang='lat' dir='ltr'>el.</span> <span class='ocrx_word' id='word_1_107' title='bbox 1109 1495 1270 1556; x_wconf 86' lang='lat' dir='ltr'>Schneider</span> 
     </span>
     <span class='ocr_line' id='line_1_13' title="bbox 113 1584 1268 1670; baseline 0.009 -24"><span class='ocrx_word' id='word_1_108' title='bbox 113 1587 160 1660; x_wconf 92' lang='lat' dir='ltr'>lV,</span> <span class='ocrx_word' id='word_1_109' title='bbox 177 1584 249 1650; x_wconf 83' lang='grc'><strong>594.</strong></span> <span class='ocrx_word' id='word_1_110' title='bbox 273 1589 468 1664; x_wconf 76' lang='lat' dir='ltr'>fragmentum</span> <span class='ocrx_word' id='word_1_111' title='bbox 490 1594 562 1653; x_wconf 93' lang='lat' dir='ltr'>illud</span> <span class='ocrx_word' id='word_1_112' title='bbox 584 1593 705 1668; x_wconf 87' lang='lat' dir='ltr'>longum</span> <span class='ocrx_word' id='word_1_113' title='bbox 729 1595 920 1670; x_wconf 80' lang='lat' dir='ltr'>Theophrasti</span> <span class='ocrx_word' id='word_1_114' title='bbox 942 1595 1141 1670; x_wconf 74' lang='lat' dir='ltr'>protheat</span> <span class='ocrx_word' id='word_1_115' title='bbox 1162 1597 1268 1656; x_wconf 93' lang='lat' dir='ltr'>elihro</span> 
     </span>
     <span class='ocr_line' id='line_1_14' title="bbox 113 1682 1268 1775; baseline 0.005 -23"><span class='ocrx_word' id='word_1_116' title='bbox 113 1684 193 1775; x_wconf 81' lang='grc' dir='ltr'><strong><em>περὶ</em></strong></span> <span class='ocrx_word' id='word_1_117' title='bbox 212 1682 433 1775; x_wconf 72' lang='grc' dir='ltr'><strong><em>μελαγχολίας</em></strong></span> <span class='ocrx_word' id='word_1_118' title='bbox 454 1709 472 1752; x_wconf 91' lang='lat' dir='ltr'>a</span> <span class='ocrx_word' id='word_1_119' title='bbox 493 1694 623 1769; x_wconf 84' lang='lat' dir='ltr'>hingone</span> <span class='ocrx_word' id='word_1_120' title='bbox 645 1705 806 1756; x_wconf 86' lang='lat' dir='ltr'>memorato</span> <span class='ocrx_word' id='word_1_121' title='bbox 830 1707 959 1758; x_wconf 84' lang='lat' dir='ltr'>sumtum</span> <span class='ocrx_word' id='word_1_122' title='bbox 982 1715 1049 1758; x_wconf 91' lang='lat' dir='ltr'>esse</span> <span class='ocrx_word' id='word_1_123' title='bbox 1071 1705 1159 1772; x_wconf 90' lang='lat' dir='ltr'>patet.</span> <span class='ocrx_word' id='word_1_124' title='bbox 1189 1707 1268 1758; x_wconf 79' lang='lat' dir='ltr'>cete-</span> 
     </span>
     <span class='ocr_line' id='line_1_15' title="bbox 114 1795 1267 1875; baseline 0.005 -21"><span class='ocrx_word' id='word_1_125' title='bbox 114 1810 181 1855; x_wconf 89' lang='lat' dir='ltr'>rum</span> <span class='ocrx_word' id='word_1_126' title='bbox 203 1795 239 1854; x_wconf 92' lang='lat' dir='ltr'>de</span> <span class='ocrx_word' id='word_1_127' title='bbox 261 1797 308 1856; x_wconf 92' lang='lat' dir='ltr'>his</span> <span class='ocrx_word' id='word_1_128' title='bbox 331 1796 518 1856; x_wconf 80' lang='lat' dir='ltr'>citationibus</span> <span class='ocrx_word' id='word_1_129' title='bbox 540 1812 614 1870; x_wconf 89' lang='lat' dir='ltr'>quas</span> <span class='ocrx_word' id='word_1_130' title='bbox 637 1799 754 1874; x_wconf 85' lang='lat' dir='ltr'>collegit</span> <span class='ocrx_word' id='word_1_131' title='bbox 775 1818 803 1875; x_wconf 94' lang='lat' dir='ltr'>p.</span> <span class='ocrx_word' id='word_1_132' title='bbox 820 1798 883 1860; x_wconf 84' lang='grc'>348</span> <span class='ocrx_word' id='word_1_133' title='bbox 895 1816 940 1873; x_wconf 88' lang='lat' dir='ltr'>sq.</span> <span class='ocrx_word' id='word_1_134' title='bbox 968 1800 1067 1860; x_wconf 89' lang='lat' dir='ltr'>minus</span> <span class='ocrx_word' id='word_1_135' title='bbox 1089 1808 1168 1860; x_wconf 90' lang='lat' dir='ltr'>recte</span> <span class='ocrx_word' id='word_1_136' title='bbox 1190 1801 1267 1860; x_wconf 93' lang='lat' dir='ltr'>iudi-</span> 
     </span>
     <span class='ocr_line' id='line_1_16' title="bbox 118 1894 1266 1975; baseline 0.007 -23"><span class='ocrx_word' id='word_1_137' title='bbox 118 1894 192 1954; x_wconf 82' lang='lat' dir='ltr'>cavit</span> <span class='ocrx_word' id='word_1_138' title='bbox 217 1897 314 1956; x_wconf 89' lang='lat' dir='ltr'>Prantl</span> <span class='ocrx_word' id='word_1_139' title='bbox 347 1897 441 1971; x_wconf 90' lang='lat' dir='ltr'>ipsius</span> <span class='ocrx_word' id='word_1_140' title='bbox 474 1913 525 1957; x_wconf 89' lang='lat' dir='ltr'>eas</span> <span class='ocrx_word' id='word_1_141' title='bbox 547 1899 674 1958; x_wconf 89' lang='lat' dir='ltr'>auctoris</span> <span class='ocrx_word' id='word_1_142' title='bbox 701 1916 769 1960; x_wconf 89' lang='lat' dir='ltr'>esse</span> <span class='ocrx_word' id='word_1_143' title='bbox 790 1909 911 1975; x_wconf 87' lang='lat' dir='ltr'>putans,</span> <span class='ocrx_word' id='word_1_144' title='bbox 940 1901 1025 1960; x_wconf 92' lang='lat' dir='ltr'>cuius</span> <span class='ocrx_word' id='word_1_145' title='bbox 1047 1909 1144 1961; x_wconf 89' lang='lat' dir='ltr'>tamen</span> <span class='ocrx_word' id='word_1_146' title='bbox 1167 1903 1266 1963; x_wconf 85' lang='lat' dir='ltr'>nullae</span> 
     </span>
     <span class='ocr_line' id='line_1_17' title="bbox 116 1997 1265 2078; baseline 0.005 -21"><span class='ocrx_word' id='word_1_147' title='bbox 116 1997 235 2057; x_wconf 89' lang='lat' dir='ltr'>omnino</span> <span class='ocrx_word' id='word_1_148' title='bbox 257 1998 288 2058; x_wconf 91' lang='lat' dir='ltr'>in</span> <span class='ocrx_word' id='word_1_149' title='bbox 309 2000 366 2058; x_wconf 90' lang='lat' dir='ltr'>hoc</span> <span class='ocrx_word' id='word_1_150' title='bbox 388 2015 476 2074; x_wconf 88' lang='lat' dir='ltr'>opere</span> <span class='ocrx_word' id='word_1_151' title='bbox 498 2007 596 2073; x_wconf 88' lang='lat' dir='ltr'>portes</span> <span class='ocrx_word' id='word_1_152' title='bbox 619 2003 703 2074; x_wconf 87' lang='lat' dir='ltr'>sunt)</span> <span class='ocrx_word' id='word_1_153' title='bbox 730 2003 770 2060; x_wconf 92' lang='lat' dir='ltr'>ita</span> <span class='ocrx_word' id='word_1_154' title='bbox 797 2002 885 2076; x_wconf 91' lang='lat' dir='ltr'>igilur</span> <span class='ocrx_word' id='word_1_155' title='bbox 910 2019 1013 2062; x_wconf 91' lang='lat' dir='ltr'>omnes</span> <span class='ocrx_word' id='word_1_156' title='bbox 1046 2004 1201 2078; x_wconf 84' lang='lat' dir='ltr'>exscripsit</span> <span class='ocrx_word' id='word_1_157' title='bbox 1234 2012 1265 2064; x_wconf 91' lang='lat' dir='ltr'>ut</span> 
     </span>
     <span class='ocr_line' id='line_1_18' title="bbox 113 2098 1263 2177; baseline 0.003 -19"><span class='ocrx_word' id='word_1_158' title='bbox 113 2114 130 2158; x_wconf 91' lang='lat' dir='ltr'>e</span> <span class='ocrx_word' id='word_1_159' title='bbox 153 2098 278 2173; x_wconf 89' lang='lat' dir='ltr'>singulis</span> <span class='ocrx_word' id='word_1_160' title='bbox 299 2102 359 2168; x_wconf 88' lang='lat' dir='ltr'>iere</span> <span class='ocrx_word' id='word_1_161' title='bbox 382 2102 546 2162; x_wconf 87' lang='lat' dir='ltr'>sectionum</span> <span class='ocrx_word' id='word_1_162' title='bbox 569 2102 662 2162; x_wconf 91' lang='lat' dir='ltr'>titulis</span> <span class='ocrx_word' id='word_1_163' title='bbox 684 2103 849 2162; x_wconf 91' lang='lat' dir='ltr'>libellorum</span> <span class='ocrx_word' id='word_1_164' title='bbox 860 2105 1050 2177; x_wconf 88' lang='lat' dir='ltr'>&#39;Theophrasti</span> <span class='ocrx_word' id='word_1_165' title='bbox 1067 2105 1263 2164; x_wconf 84' lang='lat' dir='ltr'>adhibitomm</span> 
     </span>
     <span class='ocr_line' id='line_1_19' title="bbox 110 2201 1264 2280; baseline 0.003 -20"><span class='ocrx_word' id='word_1_166' title='bbox 110 2201 251 2277; x_wconf 74' lang='lat' dir='ltr'>Diogenis</span> <span class='ocrx_word' id='word_1_167' title='bbox 277 2202 409 2278; x_wconf 90' lang='lat' dir='ltr'>inspecto</span> <span class='ocrx_word' id='word_1_168' title='bbox 437 2203 533 2264; x_wconf 89' lang='lat' dir='ltr'>indice</span> <span class='ocrx_word' id='word_1_169' title='bbox 561 2203 759 2264; x_wconf 89' lang='lat' dir='ltr'>coniecturam</span> <span class='ocrx_word' id='word_1_170' title='bbox 786 2206 884 2265; x_wconf 87' lang='lat' dir='ltr'>facias.</span> <span class='ocrx_word' id='word_1_171' title='bbox 929 2207 995 2280; x_wconf 92' lang='lat' dir='ltr'>lpso</span> <span class='ocrx_word' id='word_1_172' title='bbox 1022 2206 1177 2268; x_wconf 86' lang='lat' dir='ltr'>Aristotele</span> <span class='ocrx_word' id='word_1_173' title='bbox 1203 2222 1264 2266; x_wconf 91' lang='lat' dir='ltr'>non</span> 
     </span>
     <span class='ocr_line' id='line_1_20' title="bbox 108 2303 1261 2382; baseline 0.003 -20"><span class='ocrx_word' id='word_1_174' title='bbox 108 2303 167 2362; x_wconf 92' lang='lat' dir='ltr'>nisi</span> <span class='ocrx_word' id='word_1_175' title='bbox 201 2304 350 2366; x_wconf 89' lang='lat' dir='ltr'>rarissime</span> <span class='ocrx_word' id='word_1_176' title='bbox 383 2315 485 2367; x_wconf 91' lang='lat' dir='ltr'>auctor</span> <span class='ocrx_word' id='word_1_177' title='bbox 517 2321 590 2364; x_wconf 85' lang='lat' dir='ltr'>usus</span> <span class='ocrx_word' id='word_1_178' title='bbox 618 2313 678 2378; x_wconf 88' lang='lat' dir='ltr'>cst,</span> <span class='ocrx_word' id='word_1_179' title='bbox 712 2308 791 2367; x_wconf 88' lang='lat' dir='ltr'>velut</span> <span class='ocrx_word' id='word_1_180' title='bbox 819 2309 855 2366; x_wconf 89' lang='lat' dir='ltr'>de</span> <span class='ocrx_word' id='word_1_181' title='bbox 882 2308 1007 2382; x_wconf 88' lang='lat' dir='ltr'>geminis</span> <span class='ocrx_word' id='word_1_182' title='bbox 1031 2309 1144 2368; x_wconf 90' lang='lat' dir='ltr'>solibus</span> <span class='ocrx_word' id='word_1_183' title='bbox 1165 2309 1261 2368; x_wconf 87' lang='lat' dir='ltr'>Prohl.</span> 
     </span>
     <span class='ocr_line' id='line_1_21' title="bbox 108 2403 1259 2482; baseline 0.003 -17"><span class='ocrx_word' id='word_1_184' title='bbox 108 2403 160 2480; x_wconf 84' lang='grc'>15,</span> <span class='ocrx_word' id='word_1_185' title='bbox 177 2405 219 2466; x_wconf 81' lang='lat'>12</span> <span class='ocrx_word' id='word_1_186' title='bbox 242 2423 317 2482; x_wconf 85' lang='lat' dir='ltr'>quae</span> <span class='ocrx_word' id='word_1_187' title='bbox 340 2417 410 2468; x_wconf 88' lang='lat' dir='ltr'>sunt</span> <span class='ocrx_word' id='word_1_188' title='bbox 432 2424 468 2467; x_wconf 83' lang='lat' dir='ltr'>ex</span> <span class='ocrx_word' id='word_1_189' title='bbox 491 2406 577 2467; x_wconf 82' lang='lat' dir='ltr'>Arist.</span> <span class='ocrx_word' id='word_1_190' title='bbox 601 2408 719 2466; x_wconf 89' lang='lat' dir='ltr'>Meteor.</span> <span class='ocrx_word' id='word_1_191' title='bbox 736 2403 765 2478; x_wconf 88' lang='lat'>3,</span> <span class='ocrx_word' id='word_1_192' title='bbox 783 2405 801 2466; x_wconf 85' lang='grc'><strong>6</strong></span> <span class='ocrx_word' id='word_1_193' title='bbox 825 2409 875 2477; x_wconf 93' lang='grc'><strong>(01.</strong></span> <span class='ocrx_word' id='word_1_194' title='bbox 893 2407 980 2468; x_wconf 80' lang='lat' dir='ltr'>alea</span> <span class='ocrx_word' id='word_1_195' title='bbox 995 2407 1036 2468; x_wconf 87' lang='lat'>31</span> <span class='ocrx_word' id='word_1_196' title='bbox 1051 2441 1094 2454; x_wconf 50' lang='grc' dir='ltr'>κ</span> <span class='ocrx_word' id='word_1_197' title='bbox 1109 2407 1181 2479; x_wconf 70' lang='lat' dir='ltr'>ote,</span> <span class='ocrx_word' id='word_1_198' title='bbox 1197 2411 1259 2468; x_wconf 59' lang='lat'>42</span> 
     </span>
     <span class='ocr_line' id='line_1_22' title="bbox 107 2493 1262 2581; baseline 0.003 -13"><span class='ocrx_word' id='word_1_199' title='bbox 107 2510 226 2570; x_wconf 87' lang='lat' dir='ltr'>llletenr.</span> <span class='ocrx_word' id='word_1_200' title='bbox 244 2507 332 2570; x_wconf 81' lang='lat' dir='ltr'>377b</span> <span class='ocrx_word' id='word_1_201' title='bbox 347 2507 441 2572; x_wconf 85' lang='lat'>30-</span> <span class='ocrx_word' id='word_1_202' title='bbox 452 2506 525 2581; x_wconf 77' lang='lat'>378,</span> <span class='ocrx_word' id='word_1_203' title='bbox 542 2493 608 2581; x_wconf 86' lang='grc'><strong>11).</strong></span> <span class='ocrx_word' id='word_1_204' title='bbox 654 2509 872 2581; x_wconf 87' lang='lat' dir='ltr'>Theophrastus</span> <span class='ocrx_word' id='word_1_205' title='bbox 895 2510 973 2570; x_wconf 91' lang='lat' dir='ltr'>enim</span> <span class='ocrx_word' id='word_1_206' title='bbox 991 2519 1021 2570; x_wconf 92' lang='lat' dir='ltr'>ul</span> <span class='ocrx_word' id='word_1_207' title='bbox 1036 2512 1184 2572; x_wconf 89' lang='lat' dir='ltr'>doctrinas</span> <span class='ocrx_word' id='word_1_208' title='bbox 1196 2513 1262 2572; x_wconf 88' lang='lat' dir='ltr'>illas</span> 
     </span>
     <span class='ocr_line' id='line_1_23' title="bbox 106 2592 1261 2694; baseline 0.002 -22"><span class='ocrx_word' id='word_1_209' title='bbox 106 2628 232 2686; x_wconf 84' lang='lat' dir='ltr'>quarum</span> <span class='ocrx_word' id='word_1_210' title='bbox 253 2612 396 2694; x_wconf 85' lang='lat' dir='ltr'>ambitum</span> <span class='ocrx_word' id='word_1_211' title='bbox 416 2611 530 2686; x_wconf 91' lang='lat' dir='ltr'>primus</span> <span class='ocrx_word' id='word_1_212' title='bbox 553 2625 693 2670; x_wconf 88' lang='lat' dir='ltr'>emensus</span> <span class='ocrx_word' id='word_1_213' title='bbox 715 2617 761 2668; x_wconf 90' lang='lat' dir='ltr'>est</span> <span class='ocrx_word' id='word_1_214' title='bbox 781 2592 954 2671; x_wconf 86' lang='lat' dir='ltr'>Aristoteles</span> <span class='ocrx_word' id='word_1_215' title='bbox 976 2612 1159 2688; x_wconf 85' lang='lat' dir='ltr'>singulorum</span> <span class='ocrx_word' id='word_1_216' title='bbox 1182 2615 1261 2688; x_wconf 86' lang='lat' dir='ltr'>capi·</span> 
     </span>
     <span class='ocr_line' id='line_1_24' title="bbox 105 2712 1260 2788; baseline 0.002 -15"><span class='ocrx_word' id='word_1_217' title='bbox 105 2723 169 2774; x_wconf 89' lang='lat' dir='ltr'>tum</span> <span class='ocrx_word' id='word_1_218' title='bbox 202 2715 380 2776; x_wconf 90' lang='lat' dir='ltr'>monobiblis</span> <span class='ocrx_word' id='word_1_219' title='bbox 414 2715 615 2788; x_wconf 84' lang='lat' dir='ltr'>exeurplorum</span> <span class='ocrx_word' id='word_1_220' title='bbox 647 2712 743 2786; x_wconf 90' lang='lat' dir='ltr'>plenis</span> <span class='ocrx_word' id='word_1_221' title='bbox 774 2720 803 2772; x_wconf 90' lang='lat' dir='ltr'>et</span> <span class='ocrx_word' id='word_1_222' title='bbox 828 2714 1042 2786; x_wconf 88' lang='lat' dir='ltr'>problematum</span> <span class='ocrx_word' id='word_1_223' title='bbox 1069 2716 1188 2776; x_wconf 82' lang='lat' dir='ltr'>adauxit</span> <span class='ocrx_word' id='word_1_224' title='bbox 1220 2717 1260 2775; x_wconf 88' lang='lat' dir='ltr'>ita</span> 
     </span>
     <span class='ocr_line' id='line_1_25' title="bbox 105 2813 1258 2892; baseline -0.002 -14"><span class='ocrx_word' id='word_1_225' title='bbox 105 2818 282 2892; x_wconf 86' lang='lat' dir='ltr'>scriptorum</span> <span class='ocrx_word' id='word_1_226' title='bbox 308 2832 406 2876; x_wconf 92' lang='lat' dir='ltr'>rerum</span> <span class='ocrx_word' id='word_1_227' title='bbox 433 2815 526 2888; x_wconf 85' lang='lat' dir='ltr'>magis</span> <span class='ocrx_word' id='word_1_228' title='bbox 553 2830 641 2887; x_wconf 83' lang='lat' dir='ltr'>quem</span> <span class='ocrx_word' id='word_1_229' title='bbox 669 2813 872 2888; x_wconf 88' lang='lat' dir='ltr'>philosophiae</span> <span class='ocrx_word' id='word_1_230' title='bbox 894 2816 1093 2888; x_wconf 88' lang='lat' dir='ltr'>curiosorum,</span> <span class='ocrx_word' id='word_1_231' title='bbox 1120 2825 1153 2876; x_wconf 90' lang='lat' dir='ltr'>ut</span> <span class='ocrx_word' id='word_1_232' title='bbox 1173 2817 1258 2878; x_wconf 90' lang='lat' dir='ltr'>Plinii</span> 
     </span>
     <span class='ocr_line' id='line_1_26' title="bbox 104 2917 1259 2992; baseline 0 -12"><span class='ocrx_word' id='word_1_233' title='bbox 104 2921 247 2980; x_wconf 82' lang='lat' dir='ltr'>amenaet</span> <span class='ocrx_word' id='word_1_234' title='bbox 270 2921 403 2992; x_wconf 87' lang='lat' dir='ltr'>aliorum,</span> <span class='ocrx_word' id='word_1_235' title='bbox 425 2917 601 2992; x_wconf 91' lang='lat' dir='ltr'>praecipuus</span> <span class='ocrx_word' id='word_1_236' title='bbox 624 2931 741 2990; x_wconf 88' lang='lat' dir='ltr'>semper</span> <span class='ocrx_word' id='word_1_237' title='bbox 762 2917 830 2976; x_wconf 88' lang='lat' dir='ltr'>lons</span> <span class='ocrx_word' id='word_1_238' title='bbox 852 2917 915 2975; x_wconf 90' lang='grc'><strong>1011.</strong></span> <span class='ocrx_word' id='word_1_239' title='bbox 958 2918 992 2976; x_wconf 85' lang='lat' dir='ltr'>iti</span> <span class='ocrx_word' id='word_1_240' title='bbox 1014 2933 1083 2977; x_wconf 89' lang='lat' dir='ltr'>vero</span> <span class='ocrx_word' id='word_1_241' title='bbox 1101 2920 1151 2992; x_wconf 88' lang='lat' dir='ltr'>qui</span> <span class='ocrx_word' id='word_1_242' title='bbox 1165 2920 1259 2980; x_wconf 86' lang='lat' dir='ltr'>Theo-</span> 
     </span>
     <span class='ocr_line' id='line_1_27' title="bbox 103 3018 1256 3098; baseline -0.002 -16"><span class='ocrx_word' id='word_1_243' title='bbox 103 3023 217 3098; x_wconf 87' lang='lat' dir='ltr'>phrasti</span> <span class='ocrx_word' id='word_1_244' title='bbox 244 3023 359 3082; x_wconf 90' lang='lat' dir='ltr'>libellos</span> <span class='ocrx_word' id='word_1_245' title='bbox 387 3021 459 3080; x_wconf 89' lang='lat' dir='ltr'>istos</span> <span class='ocrx_word' id='word_1_246' title='bbox 486 3020 518 3077; x_wconf 92' lang='grc'>10</span> <span class='ocrx_word' id='word_1_247' title='bbox 545 3018 745 3093; x_wconf 89' lang='lat' dir='ltr'>suspicionem</span> <span class='ocrx_word' id='word_1_248' title='bbox 773 3018 919 3077; x_wconf 77' lang='lat' dir='ltr'>vocaverit</span> <span class='ocrx_word' id='word_1_249' title='bbox 944 3020 995 3092; x_wconf 85' lang='lat' dir='ltr'>(cl.</span> <span class='ocrx_word' id='word_1_250' title='bbox 1019 3019 1256 3095; x_wconf 67' lang='lat' dir='ltr'>corripere.</span> 
     </span>
     <span class='ocr_line' id='line_1_28' title="bbox 103 3119 1258 3197; baseline 0.001 -14"><span class='ocrx_word' id='word_1_251' title='bbox 103 3120 442 3197; x_wconf 73' lang='grc' dir='ltr'><strong>111010οΜ01.1,137),</strong></span> <span class='ocrx_word' id='word_1_252' title='bbox 477 3137 592 3184; x_wconf 90' lang='lat' dir='ltr'>summa</span> <span class='ocrx_word' id='word_1_253' title='bbox 625 3121 655 3179; x_wconf 94' lang='lat' dir='ltr'>id</span> <span class='ocrx_word' id='word_1_254' title='bbox 685 3120 803 3194; x_wconf 84' lang='lat' dir='ltr'>quidem</span> <span class='ocrx_word' id='word_1_255' title='bbox 824 3119 932 3180; x_wconf 85' lang='lat' dir='ltr'>iniuria</span> <span class='ocrx_word' id='word_1_256' title='bbox 964 3137 1056 3196; x_wconf 88' lang='lat' dir='ltr'>quum</span> <span class='ocrx_word' id='word_1_257' title='bbox 1082 3132 1111 3182; x_wconf 90' lang='lat' dir='ltr'>et</span> <span class='ocrx_word' id='word_1_258' title='bbox 1138 3125 1258 3184; x_wconf 89' lang='lat' dir='ltr'>omnino</span> 
     </span>
     <span class='ocr_line' id='line_1_29' title="bbox 102 3222 1256 3303; baseline -0.001 -17"><span class='ocrx_word' id='word_1_259' title='bbox 102 3229 296 3303; x_wconf 86' lang='lat' dir='ltr'>Theophrasti</span> <span class='ocrx_word' id='word_1_260' title='bbox 318 3233 419 3302; x_wconf 88' lang='lat' dir='ltr'>utpote</span> <span class='ocrx_word' id='word_1_261' title='bbox 441 3225 540 3286; x_wconf 91' lang='lat' dir='ltr'>minus</span> <span class='ocrx_word' id='word_1_262' title='bbox 563 3224 632 3284; x_wconf 88' lang='lat' dir='ltr'>cleri</span> <span class='ocrx_word' id='word_1_263' title='bbox 653 3222 886 3296; x_wconf 82' lang='lat' dir='ltr'>recentiorisque</span> <span class='ocrx_word' id='word_1_264' title='bbox 908 3223 1047 3284; x_wconf 86' lang='lat' dir='ltr'>certiores</span> <span class='ocrx_word' id='word_1_265' title='bbox 1070 3226 1177 3288; x_wconf 91' lang='lat' dir='ltr'>luerint</span> <span class='ocrx_word' id='word_1_266' title='bbox 1191 3228 1256 3286; x_wconf 90' lang='lat' dir='ltr'>libri</span> 
     </span>
     <span class='ocr_line' id='line_1_30' title="bbox 102 3313 1258 3406; baseline 0 -16"><span class='ocrx_word' id='word_1_267' title='bbox 102 3331 154 3406; x_wconf 87' lang='lat' dir='ltr'>qui</span> <span class='ocrx_word' id='word_1_268' title='bbox 178 3331 346 3390; x_wconf 84' lang='lat' dir='ltr'>terebantur</span> <span class='ocrx_word' id='word_1_269' title='bbox 367 3330 445 3404; x_wconf 88' lang='lat' dir='ltr'>opud</span> <span class='ocrx_word' id='word_1_270' title='bbox 467 3335 581 3387; x_wconf 89' lang='lat' dir='ltr'>veteres</span> <span class='ocrx_word' id='word_1_271' title='bbox 603 3327 728 3400; x_wconf 90' lang='lat' dir='ltr'>eiusque</span> <span class='ocrx_word' id='word_1_272' title='bbox 750 3325 856 3384; x_wconf 89' lang='lat' dir='ltr'>rationi</span> <span class='ocrx_word' id='word_1_273' title='bbox 883 3313 1060 3399; x_wconf 78' lang='lat' dir='ltr'>optinebit</span> <span class='ocrx_word' id='word_1_274' title='bbox 1082 3331 1258 3390; x_wconf 87' lang='lat' dir='ltr'>conveniant</span> 
     </span>
     <span class='ocr_line' id='line_1_31' title="bbox 99 3427 1255 3508; baseline -0.003 -14"><span class='ocrx_word' id='word_1_275' title='bbox 99 3432 232 3508; x_wconf 92' lang='lat' dir='ltr'>corrupti</span> <span class='ocrx_word' id='word_1_276' title='bbox 254 3431 373 3506; x_wconf 87' lang='lat' dir='ltr'>quidem</span> <span class='ocrx_word' id='word_1_277' title='bbox 395 3429 495 3491; x_wconf 88' lang='lat' dir='ltr'>multis</span> <span class='ocrx_word' id='word_1_278' title='bbox 517 3429 592 3489; x_wconf 90' lang='lat' dir='ltr'>locis</span> <span class='ocrx_word' id='word_1_279' title='bbox 613 3437 642 3488; x_wconf 91' lang='lat' dir='ltr'>at</span> <span class='ocrx_word' id='word_1_280' title='bbox 664 3427 769 3500; x_wconf 80' lang='lat' dir='ltr'>integri</span> <span class='ocrx_word' id='word_1_281' title='bbox 791 3433 888 3488; x_wconf 82' lang='grc'><strong>101000</strong></span> <span class='ocrx_word' id='word_1_282' title='bbox 906 3430 1114 3502; x_wconf 84' lang='lat' dir='ltr'>(nequeenim</span> <span class='ocrx_word' id='word_1_283' title='bbox 1130 3434 1255 3491; x_wconf 87' lang='lat' dir='ltr'>multum</span> 
     </span>
     <span class='ocr_line' id='line_1_32' title="bbox 101 3528 1256 3610; baseline -0.003 -14"><span class='ocrx_word' id='word_1_284' title='bbox 101 3537 139 3596; x_wconf 88' lang='lat' dir='ltr'>iis</span> <span class='ocrx_word' id='word_1_285' title='bbox 167 3535 321 3596; x_wconf 85' lang='lat' dir='ltr'>tribuerim</span> <span class='ocrx_word' id='word_1_286' title='bbox 348 3549 424 3610; x_wconf 90' lang='lat' dir='ltr'>quae</span> <span class='ocrx_word' id='word_1_287' title='bbox 450 3534 481 3592; x_wconf 93' lang='lat' dir='ltr'>in</span> <span class='ocrx_word' id='word_1_288' title='bbox 504 3530 605 3590; x_wconf 90' lang='lat' dir='ltr'>codice</span> <span class='ocrx_word' id='word_1_289' title='bbox 632 3528 799 3588; x_wconf 84' lang='lat' dir='ltr'>Florentino</span> <span class='ocrx_word' id='word_1_290' title='bbox 827 3529 902 3590; x_wconf 90' lang='lat' dir='ltr'>libro</span> <span class='ocrx_word' id='word_1_291' title='bbox 932 3532 969 3590; x_wconf 91' lang='lat' dir='ltr'>de</span> <span class='ocrx_word' id='word_1_292' title='bbox 996 3532 1065 3606; x_wconf 87' lang='lat' dir='ltr'>igne</span> <span class='ocrx_word' id='word_1_293' title='bbox 1091 3533 1256 3608; x_wconf 90' lang='lat' dir='ltr'>subscripta</span> 
     </span>
     <span class='ocr_line' id='line_1_33' title="bbox 101 3624 1256 3718; baseline 0 -20"><span class='ocrx_word' id='word_1_294' title='bbox 101 3640 242 3713; x_wconf 89' lang='lat' dir='ltr'>leguntur</span> <span class='ocrx_word' id='word_1_295' title='bbox 263 3637 414 3698; x_wconf 89' lang='lat' dir='ltr'>librarium</span> <span class='ocrx_word' id='word_1_296' title='bbox 438 3635 563 3696; x_wconf 84' lang='lat' dir='ltr'>sortasse</span> <span class='ocrx_word' id='word_1_297' title='bbox 590 3633 686 3692; x_wconf 91' lang='lat' dir='ltr'>solum</span> <span class='ocrx_word' id='word_1_298' title='bbox 709 3632 883 3705; x_wconf 87' lang='lat' dir='ltr'>spectantia:</span> <span class='ocrx_word' id='word_1_299' title='bbox 915 3627 1012 3708; x_wconf 77' lang='grc' dir='ltr'><strong><em>τέλος</em></strong></span> <span class='ocrx_word' id='word_1_300' title='bbox 1036 3624 1256 3718; x_wconf 81' lang='grc' dir='ltr'><strong><em>Θεοφράστου</em></strong></span> 
     </span>
    </p>
   </div>
   <div class='ocr_carea' id='block_1_3' title="bbox 100 3722 1254 4428">
    <p class='ocr_par' dir='ltr' id='par_1_3' title="bbox 100 3722 1254 4428">
     <span class='ocr_line' id='line_1_34' title="bbox 101 3722 1254 3825; baseline -0.003 -19"><span class='ocrx_word' id='word_1_301' title='bbox 101 3735 183 3825; x_wconf 78' lang='grc' dir='ltr'><strong><em>περὶ</em></strong></span> <span class='ocrx_word' id='word_1_302' title='bbox 204 3733 313 3822; x_wconf 73' lang='grc' dir='ltr'><strong><em>πυρὸς</em></strong></span> <span class='ocrx_word' id='word_1_303' title='bbox 332 3733 390 3802; x_wconf 80' lang='grc' dir='ltr'>καὶ</span> <span class='ocrx_word' id='word_1_304' title='bbox 409 3734 469 3820; x_wconf 76' lang='grc' dir='ltr'>τῆς</span> <span class='ocrx_word' id='word_1_305' title='bbox 490 3725 593 3798; x_wconf 73' lang='lat' dir='ltr'>crisci</span> <span class='ocrx_word' id='word_1_306' title='bbox 613 3722 853 3818; x_wconf 78' lang='grc' dir='ltr'><em>μεταφράσεως</em></span> <span class='ocrx_word' id='word_1_307' title='bbox 876 3736 1037 3796; x_wconf 85' lang='lat' dir='ltr'>Schneider</span> <span class='ocrx_word' id='word_1_308' title='bbox 1056 3739 1114 3799; x_wconf 86' lang='lat' dir='ltr'>tV</span> <span class='ocrx_word' id='word_1_309' title='bbox 1135 3758 1164 3816; x_wconf 91' lang='lat' dir='ltr'>p.</span> <span class='ocrx_word' id='word_1_310' title='bbox 1177 3737 1254 3815; x_wconf 80' lang='lat'><strong>1553</strong></span> 
     </span>
     <span class='ocr_line' id='line_1_35' title="bbox 101 3827 1253 3923; baseline -0.002 -20"><span class='ocrx_word' id='word_1_311' title='bbox 101 3852 204 3907; x_wconf 85' lang='lat' dir='ltr'>contra</span> <span class='ocrx_word' id='word_1_312' title='bbox 225 3844 333 3906; x_wconf 90' lang='lat' dir='ltr'>librum</span> <span class='ocrx_word' id='word_1_313' title='bbox 355 3835 434 3923; x_wconf 77' lang='grc' dir='ltr'>περὶ</span> <span class='ocrx_word' id='word_1_314' title='bbox 455 3830 600 3921; x_wconf 83' lang='grc' dir='ltr'><em>σημείων</em></span> <span class='ocrx_word' id='word_1_315' title='bbox 613 3827 746 3900; x_wconf 77' lang='grc' dir='ltr'><em>ὑδάτων</em></span> <span class='ocrx_word' id='word_1_316' title='bbox 756 3831 812 3898; x_wconf 80' lang='grc' dir='ltr'>καὶ</span> <span class='ocrx_word' id='word_1_317' title='bbox 823 3828 1019 3916; x_wconf 76' lang='grc' dir='ltr'><em>πνευμάτων</em></span> <span class='ocrx_word' id='word_1_318' title='bbox 1029 3841 1065 3899; x_wconf 87' lang='lat' dir='ltr'>ci.</span> <span class='ocrx_word' id='word_1_319' title='bbox 1078 3842 1110 3902; x_wconf 87' lang='lat' dir='ltr'>b.</span> <span class='ocrx_word' id='word_1_320' title='bbox 1122 3844 1155 3901; x_wconf 89' lang='lat' dir='ltr'>L.</span> <span class='ocrx_word' id='word_1_321' title='bbox 1169 3839 1253 3915; x_wconf 74' lang='lat'>5,·45</span> 
     </span>
     <span class='ocr_line' id='line_1_36' title="bbox 100 3941 1253 4025; baseline -0.003 -19"><span class='ocrx_word' id='word_1_322' title='bbox 100 3946 211 4020; x_wconf 87' lang='lat' dir='ltr'>pariter</span> <span class='ocrx_word' id='word_1_323' title='bbox 231 3945 360 4006; x_wconf 89' lang='lat' dir='ltr'>alienum</span> <span class='ocrx_word' id='word_1_324' title='bbox 382 3950 412 4002; x_wconf 92' lang='lat' dir='ltr'>et</span> <span class='ocrx_word' id='word_1_325' title='bbox 432 3943 469 4002; x_wconf 88' lang='lat' dir='ltr'>nh</span> <span class='ocrx_word' id='word_1_326' title='bbox 491 3942 647 4025; x_wconf 81' lang='lat' dir='ltr'>Aristotele</span> <span class='ocrx_word' id='word_1_327' title='bbox 675 3949 704 4001; x_wconf 92' lang='lat' dir='ltr'>et</span> <span class='ocrx_word' id='word_1_328' title='bbox 725 3955 742 3998; x_wconf 90' lang='lat' dir='ltr'>a</span> <span class='ocrx_word' id='word_1_329' title='bbox 763 3941 963 4014; x_wconf 86' lang='lat' dir='ltr'>Theophrasto</span> <span class='ocrx_word' id='word_1_330' title='bbox 985 3959 1109 4016; x_wconf 87' lang='lat' dir='ltr'>censeo,</span> <span class='ocrx_word' id='word_1_331' title='bbox 1137 3944 1253 4017; x_wconf 83' lang='lat' dir='ltr'>utrique</span> 
     </span>
     <span class='ocr_line' id='line_1_37' title="bbox 100 4042 1253 4118; baseline 0.001 -12"><span class='ocrx_word' id='word_1_332' title='bbox 100 4049 180 4110; x_wconf 88' lang='lat' dir='ltr'>enim</span> <span class='ocrx_word' id='word_1_333' title='bbox 212 4049 243 4110; x_wconf 91' lang='lat' dir='ltr'>in</span> <span class='ocrx_word' id='word_1_334' title='bbox 275 4046 428 4106; x_wconf 84' lang='lat' dir='ltr'>codicibus</span> <span class='ocrx_word' id='word_1_335' title='bbox 454 4045 634 4118; x_wconf 86' lang='lat' dir='ltr'>assignatur,</span> <span class='ocrx_word' id='word_1_336' title='bbox 670 4045 706 4102; x_wconf 88' lang='grc'>01.</span> <span class='ocrx_word' id='word_1_337' title='bbox 732 4042 897 4102; x_wconf 87' lang='lat' dir='ltr'>versionem</span> <span class='ocrx_word' id='word_1_338' title='bbox 924 4052 1053 4105; x_wconf 87' lang='lat' dir='ltr'>veterem</span> <span class='ocrx_word' id='word_1_339' title='bbox 1078 4048 1196 4106; x_wconf 87' lang='lat' dir='ltr'>latinam</span> <span class='ocrx_word' id='word_1_340' title='bbox 1222 4049 1253 4108; x_wconf 88' lang='grc'>10</span> 
     </span>
     <span class='ocr_line' id='line_1_38' title="bbox 100 4131 1252 4224; baseline 0.003 -16"><span class='ocrx_word' id='word_1_341' title='bbox 100 4150 236 4214; x_wconf 78' lang='lat' dir='ltr'>Achillini</span> <span class='ocrx_word' id='word_1_342' title='bbox 258 4149 312 4224; x_wconf 89' lang='lat' dir='ltr'>Op.</span> <span class='ocrx_word' id='word_1_343' title='bbox 336 4148 504 4222; x_wconf 89' lang='lat' dir='ltr'>septisegm.</span> <span class='ocrx_word' id='word_1_344' title='bbox 528 4147 635 4206; x_wconf 88' lang='lat' dir='ltr'>editam</span> <span class='ocrx_word' id='word_1_345' title='bbox 652 4131 854 4206; x_wconf 88' lang='lat' dir='ltr'>etSc&#39;hneider</span> <span class='ocrx_word' id='word_1_346' title='bbox 874 4147 928 4206; x_wconf 82' lang='lat' dir='ltr'>tv</span> <span class='ocrx_word' id='word_1_347' title='bbox 948 4165 977 4222; x_wconf 91' lang='lat' dir='ltr'>p.</span> <span class='ocrx_word' id='word_1_348' title='bbox 990 4145 1108 4224; x_wconf 78' lang='lat' dir='ltr'>laeso.</span> <span class='ocrx_word' id='word_1_349' title='bbox 1130 4147 1252 4223; x_wconf 82' lang='grc'><strong>01173,</strong></span> 
     </span>
     <span class='ocr_line' id='line_1_39' title="bbox 100 4249 1254 4329; baseline 0.003 -19"><span class='ocrx_word' id='word_1_350' title='bbox 100 4258 227 4326; x_wconf 74' lang='lat' dir='ltr'>unoque</span> <span class='ocrx_word' id='word_1_351' title='bbox 249 4251 387 4326; x_wconf 89' lang='lat' dir='ltr'>indignus</span> <span class='ocrx_word' id='word_1_352' title='bbox 410 4258 439 4310; x_wconf 91' lang='lat' dir='ltr'>et</span> <span class='ocrx_word' id='word_1_353' title='bbox 460 4256 580 4324; x_wconf 90' lang='lat' dir='ltr'>propter</span> <span class='ocrx_word' id='word_1_354' title='bbox 594 4249 689 4322; x_wconf 91' lang='lat' dir='ltr'>ipsam</span> <span class='ocrx_word' id='word_1_355' title='bbox 705 4249 927 4323; x_wconf 90' lang='lat' dir='ltr'>compositionis</span> <span class='ocrx_word' id='word_1_356' title='bbox 943 4251 1085 4311; x_wconf 89' lang='lat' dir='ltr'>rationem</span> <span class='ocrx_word' id='word_1_357' title='bbox 1097 4261 1254 4329; x_wconf 85' lang='lat' dir='ltr'>etpropter</span> 
     </span>
     <span class='ocr_line' id='line_1_40' title="bbox 100 4351 1253 4428; baseline 0.003 -18"><span class='ocrx_word' id='word_1_358' title='bbox 100 4353 326 4427; x_wconf 83' lang='lat' dir='ltr'>superstitiones</span> <span class='ocrx_word' id='word_1_359' title='bbox 348 4354 457 4428; x_wconf 88' lang='lat' dir='ltr'>quibus</span> <span class='ocrx_word' id='word_1_360' title='bbox 478 4351 567 4412; x_wconf 90' lang='lat' dir='ltr'>nimis</span> <span class='ocrx_word' id='word_1_361' title='bbox 588 4351 729 4427; x_wconf 83' lang='lat' dir='ltr'>indulget,</span> <span class='ocrx_word' id='word_1_362' title='bbox 752 4354 932 4428; x_wconf 87' lang='lat' dir='ltr'>antiquiores</span> <span class='ocrx_word' id='word_1_363' title='bbox 959 4361 992 4414; x_wconf 92' lang='lat' dir='ltr'>ut</span> <span class='ocrx_word' id='word_1_364' title='bbox 1016 4354 1098 4415; x_wconf 93' lang='lat' dir='ltr'>initio</span> <span class='ocrx_word' id='word_1_365' title='bbox 1121 4363 1253 4415; x_wconf 87' lang='lat' dir='ltr'>narratur</span> 
     </span>
    </p>
   </div>
   <div class='ocr_carea' id='block_1_4' title="bbox 0 0 1516 5162">
    <p class='ocr_par' dir='ltr' id='par_1_4' title="bbox 0 0 1516 5162">
     <span class='ocr_line' id='line_1_41' title="bbox 0 0 1516 5162; baseline 0 8"><span class='ocrx_word' id='word_1_366' title='bbox 0 0 1516 5162; x_wconf 95' lang='lat' dir='ltr'> </span> 
     </span>
    </p>
   </div>
  </div>
 </body>
</html>
