3024 5162
788 380 851 443 220

245 571 303 615 000
328 554 384 614 nisi
407 556 500 614 obiter
532 554 590 630 egit
613 571 667 614 neo
691 555 787 612 nrinus
814 552 940 611 breviter
963 551 998 608 de
1022 539 1406 624 00000101422106-141

246 659 332 716 etiam
355 667 383 717 et
405 657 503 716 odoris
526 652 610 734 (421,
624 653 766 733 26-103)
791 662 934 714 tactorum
958 651 1118 711 differentia
1143 646 1331 722 disputationi
1365 646 1407 702 de

246 759 397 819 elementis
419 759 539 817 omuino
561 760 660 818 reliota
683 755 849 836 (423n29)
873 771 927 814 nee
949 756 978 813 in
1002 755 1020 812 1.
1045 753 1081 812 60
1104 767 1195 812 sensu
1218 751 1271 808 hae
1293 749 1407 806 eadem

247 861 283 918 de
305 877 394 920 eausa
414 869 560 919 renovate.
605 863 676 921 Nam
698 869 730 920 ut
752 861 834 919 sonis
857 857 976 917 omissis
1000 855 1096 914 statim
1112 852 1216 912 transit
1227 851 1263 910 ad
1275 865 1408 923 sapores

173 1023 175 1036 ,
247 969 276 1019 01
297 965 404 1021 odores
426 979 482 1021 nee
504 963 560 1020 nisi
584 962 771 1038 comparandi
801 977 890 1020 nausa
911 961 941 1018 in
963 961 1020 1018 hoo
1043 971 1161 1030 quoque
1184 956 1257 1014 liltro
1281 952 1408 1011 auditus

247 1064 356 1137 passim
379 1060 427 1138 (01.
445 1081 469 1121 o.
489 1062 518 1122 1.
535 1062 563 1123 3.
581 1064 609 1124 6.
626 1063 659 1142 7)
683 1064 829 1135 meminit,
864 1061 969 1120 eodem
997 1059 1084 1118 modo
1112 1065 1206 1117 taetus
1230 1070 1349 1130 quoque
1376 1059 1410 1110 et

248 1173 391 1224 tectorum
417 1167 573 1240 negligitur
599 1165 760 1226 differentia
792 1166 860 1224 lieet
886 1163 991 1222 iisdem
1014 1160 1135 1222 0310.
1162 1158 1261 1218 verbis
1294 1157 1408 1216 eodem

249 1267 337 1324 modo
364 1269 519 1342 promissa.
562 1269 598 1326 Et
625 1285 696 1328 sane
728 1274 807 1343 patet
838 1266 895 1324 illis
929 1264 1026 1324 verbis
1059 1263 1151 1338 magis
1186 1259 1335 1322 sensibilia
1368 1259 1410 1316 60

250 1384 375 1441 quorum
398 1371 559 1430 differentia
581 1365 736 1430 dicendum
761 1369 799 1428 sit
821 1367 919 1425 ornnia
941 1367 1087 1426 recenseri
1110 1381 1197 1439 quam
1221 1364 1257 1420 de
1276 1360 1410 1433 singulis

249 1471 387 1542 promitti.
431 1473 532 1546 Neque
559 1474 637 1532 enim
665 1473 694 1530 in
718 1472 792 1529 litrro
820 1471 856 1527 de
879 1485 970 1528 sensu
996 1468 1134 1543 explicari
1156 1467 1289 1541 potuisse
1312 1479 1411 1522 sono-

250 1589 315 1630 rum
343 1579 371 1630 et
396 1575 477 1633 voois
504 1575 637 1633 animalis
671 1572 848 1632 differentias
884 1588 919 1630 ex
946 1571 1010 1645 ipsa
1032 1573 1081 1629 rlla
1103 1569 1298 1644 disputatione
1320 1568 1339 1624 l.
1368 1567 1409 1626 de

190 1687 193 1692 ’
251 1687 316 1746 gen.
340 1689 385 1731 an.
407 1671 471 1747 5‚n
498 1676 631 1750 sequitur
664 1693 721 1750 qua
755 1675 862 1734 diserte
901 1673 973 1732 nihil
1007 1673 1085 1732 eliud
1113 1689 1199 1747 quam
1227 1669 1409 1730 universalia

252 1773 300 1832 illa
321 1777 528 1849 praetermissa
550 1795 617 1837 esse
640 1775 785 1851 signifieat
806 1777 960 1850 ipsamque
981 1775 1063 1834 voois
1086 1783 1114 1834 et
1126 1774 1191 1834 soni
1204 1771 1407 1848 definitionem

253 1872 301 1950 (ei.
318 1873 406 1960 7861)
422 1876 462 1938 23
484 1870 574 1952 τίνος
594 1874 655 1957 μὲν
687 1865 743 1941 οὖν
772 1869 865 1940 ἕνεκα
897 1872 1011 1961 φωνὴν
1043 1869 1109 1956 ἔχει
1137 1869 1179 1940 τό
1204 1870 1272 1953 ζῶα
1293 1867 1350 1937 καὶ
1373 1863 1410 1935 τό

251 1969 323 2038 ἐστι
345 1974 438 2063 φωνή
462 1975 519 2042 καὶ
541 1973 626 2054 ὅλως
649 1970 667 2041 ό
690 1971 817 2067 ψόφος,
840 1972 881 2042 τὰ
903 1974 963 2058 μὲν
986 1974 1021 2041 ἐν
1041 1981 1111 2056 τοῖς
1122 1972 1201 2064 περὶ
1211 1967 1407 2059 αἰσθήσεως

252 2070 381 2162 εἴρηται
411 2074 453 2141 τὰ
476 2072 508 2142 d’
534 2077 568 2144 ἐν
589 2082 659 2155 τοῖς
682 2077 760 2162 περὶ
781 2078 917 2168 ψυχῆς);
940 2085 996 2142 hoe
1018 2085 1096 2144 enim
1118 2085 1137 2142 1.
1161 2086 1197 2143 60
1213 2080 1405 2158 generatione

252 2179 320 2241 loeo'
340 2185 376 2242 de
399 2185 523 2258 singulis
546 2186 644 2260 potins
667 2186 737 2244 dicit
758 2186 787 2242 in
811 2202 883 2246 voce
904 2186 1020 2244 animali
1043 2185 1215 2247 differentiis
1237 2193 1323 2258 atque
1337 2183 1405 2256 ipse

252 2285 325 2342 naec
347 2293 417 2343 suut
437 2302 587 2360 nunquam
610 2294 695 2346 antea
716 2293 835 2346 tractata
858 2278 921 2348 ὅσα
942 2281 988 2369 μὴ
1010 2277 1172 2370 πρότερον
1193 2281 1228 2350 όν
1244 2277 1405 2365 τοῖςπερὶ

253 2374 445 2467 αἱσθόσειος
471 2378 648 2471 διώρισται
682 2381 738 2450 καὶ
765 2381 798 2451 ἒν
823 2387 893 2463 τοῖς
919 2385 998 2471 περὶ
1023 2387 1133 2476 ψυχῆς
1158 2389 1258 2466 17881)
1273 2387 1315 2465 1).
1360 2390 1403 2447 De

253 2487 334 2546 vocis
351 2489 427 2546 enim
451 2498 555 2548 natura
576 2490 640 2564 ipsa
662 2492 777 2550 loeutus
801 2499 846 2550 est
869 2501 897 2552 et
920 2493 1040 2554 uberius
1062 2495 1092 2552 in
1115 2495 1133 2552 1.
1158 2496 1195 2553 60
1217 2488 1403 2567 0028101.

251 2587 678 2672 42010500027861023)
702 2600 730 2652 01
757 2593 868 2667 passim
897 2595 926 2653 in
949 2597 968 2654 l.
998 2597 1034 2654 de
1063 2613 1154 2656 sensu
1184 2593 1231 2674 (oi.
1248 2593 1335 2656 4391)
1351 2591 1402 2653 31.

253 2680 326 2774 εἴδη
349 2684 510 2776 φθόγγων
536 2692 623 2754 4451)
639 2694 689 2754 22.
706 2693 779 2766 446,
796 2693 846 2755 20.
863 2693 936 2770 447,
953 2695 1002 2756 19.
1019 2695 1138 2768 44619.
1155 2697 1194 2759 19
1228 2705 1257 2757 01
1283 2697 1405 2756 omnino

253 2811 328 2868 quae
356 2798 392 2855 de
415 2797 553 2856 sensibus
581 2813 639 2856 una
666 2798 803 2856 omnibus
830 2814 855 2856 o.
873 2796 937 2858 67
966 2798 1228 2879 demonstrantur),
1262 2815 1405 2859 sonomm

253 2899 434 2958 musicorum
457 2907 485 2958 et
507 2900 747 2974 symphoniarum
770 2899 929 2959 doctrinam
952 2909 1076 2976 tangens
1100 2921 1187 2977 quam
1210 2919 1302 2977 quum
1328 2917 1407 2960 nuu-

253 3020 340 3078 quam
363 3005 400 3062 de
422 3003 543 3062 musieis
568 3003 658 3061 rebus
687 3002 779 3075 egerit
800 3003 976 3075 Aristotelis,
1006 3006 1140 3065 consulto
1168 3022 1226 3066 non
1254 3004 1353 3062 minus
1375 3002 1406 3061 in
1510 3023 1511 3046 r

252 3107 271 3164 l.
296 3107 332 3164 de
354 3121 443 3164 sensu
480 3103 578 3162 omisit
609 3120 694 3177 quam
723 3103 951 3178 physiologioam
980 3107 1015 3164 de
1037 3123 1109 3166 voce
1132 3106 1334 3183 quaestionem
1358 3121 1407 3165 re·

253 3208 379 3266 servarit
400 3207 482 3265 libris
504 3205 671 3278 zoologieis.
717 3203 805 3262 Liber
826 3221 894 3264 vero
918 3206 979 3265 sive
1001 3209 1100 3281 potins
1123 3209 1188 3268 libri
1208 3210 1406 3283 fragmentum

251 3304 330 3391 περὶ
360 3298 529 3370 ἇκοοστῶν
563 3303 613 3384 (τε
633 3299 711 3387 περὶ
733 3301 845 3390 φωνῆς
866 3307 925 3366 ind.
949 3309 1043 3369 Anon.
1067 3313 1178 3384 Menng.
1203 3312 1238 3369 01.
1262 3311 1406 3386 Porphyr.

252 3416 289 3473 ad
311 3412 384 3472 Ptol.
407 3415 498 3472 herm.
523 3428 550 3485 0.
568 3407 630 3470 246
653 3411 692 3468 10.
717 3400 775 3470 ἐπὶ
794 3443 835 3452 —-
851 3408 965 3494 φωνῆς
985 3406 1044 3496 τήν
1066 3404 1285 3474 διδασκαλίαν
1306 3432 1408 3495 ποιη-

185 3555 191 3562 -
251 3507 403 3594 σάμενος)
427 3518 507 3591 quod
528 3521 561 3572 ut
582 3513 679 3587 000110
703 3521 788 3573 00100
803 3501 994 3590 Theophrasti
1018 3516 1317 3577 demusieaauetoris
1330 3516 1403 3575 clari

252 3617 420 3694 excerptum
443 3617 483 3691 (0.
500 3615 660 3692 241-44)
689 3617 725 3674 ita
749 3617 913 3676 Aristotelis
941 3620 996 3676 troo
1022 3620 1059 3676 ad
1086 3635 1147 3678 rem
1170 3619 1313 3679 musicem
1335 3633 1406 3691 per·

252 3725 349 3782 linens
377 3722 502 3781 servavit
523 3719 701 3793 Porphyrius
725 3719 754 3776 in
778 3735 882 3777 oomm.
907 3722 943 3778 06
958 3721 1114 3780 Ptolemaei
1131 3721 1299 3780 harmonica
1311 3716 1406 3796 (0006

253 3825 354 3884 Wallis
383 3824 567 3896 lipomani.
592 3823 622 3879 t.
639 3823 674 3880 111
697 3840 724 3894 0.
742 3820 900 3895 uto-543
930 3824 966 3880 01.
989 3841 1017 3898 0.
1034 3821 1113 3884 231:
1142 3819 1245 3884 ταῦτα
1276 3811 1407 3903 εἴρηκεν

252 3918 415 4009 ὃἈρισσ.
451 3918 484 3986 ἐν
512 3921 557 4006 τῷ
585 3916 662 4004 περὶ
690 3913 874 3984 ἄκοαστῶν·
911 3907 950 3985 οὗ
977 3919 1033 3985 καὶ
1060 3923 1128 3987 πᾶν
1149 3919 1187 3988 τό
1207 3914 1406 4006 σύγγραμμα

252 4019 513 4112 ἀναγκαιότατον
540 4016 688 4106 ὑπάρχον
721 4019 813 4107 παρόν
844 4019 886 4087 τὰ
915 4018 1108 4110 ἐνεστηκότα
1145 4016 1406 4110 παραθήσομεν.

252 4155 279 4211 0.
296 4134 359 4194 246
383 4127 465 4217 φέρε
491 4124 549 4190 καὶ
574 4124 614 4191 τὰ
643 4118 762 4191 τοότοο
789 4123 1019 4208 συντέμνοντες
1048 4124 1106 4192 deo}
1132 4123 1170 4192 τό
1196 4127 1301 4214 μῆκος
1328 4120 1407 4194 ἔνια

251 4224 528 4318 παρατιθώμεθα
548 4224 603 4293 ἵνα
625 4226 682 4294 καὶ
702 4223 822 4314 ταύτην
844 4224 1099 4315 πεπληρωκότες
1121 4219 1208 4311 ὦμεν
1223 4225 1282 4316 τόν
1296 4225 1406 4316 ε’παγ-

251 4331 377 4422 γελίαν·
409 4331 488 4420 περὶ
518 4330 558 4419 δὴ
582 4334 647 4397 τῶν
668 4328 751 4397 κατὰ
773 4329 832 4409 τὰς
861 4331 976 4419 φωνὰς
1005 4333 1178 4419 διαφορῶν
1199 4324 1408 4414 ποιούμενος

252 4436 350 4528 λόγον
378 4437 412 4506 ἐν
439 4438 484 4525 τῷ
511 4436 587 4524 περὶ
616 4430 786 4501 ἀκουστῶν
814 4430 910 4522 φησί·
948 4433 1043 4515 ,Τὰς
1070 4433 1106 4502 δὲ
1130 4434 1243 4522 φωνὰς
1265 4429 1409 4515 ἁπάσας
