3024 5162
757 309 819 372 232

214 487 366 546 blematica
400 495 429 546 et
462 488 647 562 quorundam
680 483 828 544 librorum
855 480 1012 555 particulas
1038 490 1147 553 pancas
1175 471 1260 532 nobis
1288 481 1383 528 nunc

215 603 334 662 qnoque
362 591 484 649 servatis
506 621 548 632 -—
576 590 725 662 ingentem
758 586 849 644 luisse
883 580 1053 655 intelligitur
1086 578 1226 637 librorum
1253 571 1385 648 copiam

216 691 322 749 studiis
345 690 549 751 Alexandrinis
571 697 621 749 aut
644 690 708 748 sinc
731 687 858 747 auctoris
880 684 999 744 nominc
1023 688 1073 740 aut
1095 679 1190 740 alieno
1206 677 1387 734 oblatorum

217 800 246 850 et
268 795 356 851 modo
378 795 563 854 coniecturae
586 807 685 851 errore
707 791 796 850 modo
820 789 917 848 dedito
939 785 1067 846 auctoris
1090 797 1178 856 opera
1201 779 1385 854 speciosum

219 893 333 951 titulum
363 903 496 970 captante
529 896 602 955 falso
636 895 719 953 titulo
751 891 968 965 inscriptorum,
1004 888 1106 960 quales
1140 890 1210 942 sunt
1231 877 1386 940 Socratici

218 994 414 1070 Hippocratici
447 995 630 1056 Deinccritici
663 993 845 1070 Pythagorici
880 988 1056 1050 Aristotelici
1092 986 1200 1061 quibus
1232 981 1385 1040 omnibus

219 1095 276 1152 iam
300 1098 433 1170 augenda
456 1105 501 1155 est
522 1099 700 1157 litteraturae
723 1097 825 1155 aetatis
847 1095 1082 1167 Tbeopbrasteae
1104 1096 1191 1161 etque
1212 1085 1287 1144 inter
1306 1083 1386 1139 Pla-

218 1203 319 1254 tonem
343 1205 371 1256 et
390 1197 576 1258 Aristotelem
602 1199 773 1273 primosque
800 1196 895 1255 musei
921 1192 1109 1253 Alexandrini
1137 1184 1387 1249 bibliothecarios

218 1307 450 1373 nascentemque
473 1314 508 1358 ex
529 1299 714 1374 philosophia
736 1299 924 1375 philologiam
946 1293 1135 1354 intermediae
1158 1289 1286 1349 bistonio.

306 1399 370 1468 Quo
393 1403 487 1476 magis
509 1402 649 1476 probatur
671 1419 722 1462 eos
745 1415 863 1477 quoque
886 1398 976 1457 libros
1000 1396 1049 1470 qui
1072 1395 1128 1454 soli
1150 1394 1227 1452 inter
1248 1405 1300 1448 eos
1321 1389 1388 1462 qui

222 1503 342 1574 genuini
366 1505 512 1562 habentur
538 1504 617 1561 omni
641 1512 669 1562 et
691 1519 757 1561 cum
781 1501 885 1562 celeris
912 1515 989 1557 nexu
1011 1497 1095 1571 utqui
1117 1493 1266 1570 prooemio
1287 1493 1390 1566 plane

221 1603 352 1661 destituti
375 1613 404 1662 et
426 1604 594 1662 citationum
617 1605 786 1664 auctoritate
809 1617 908 1662 carere
930 1601 1073 1672 videntur,
1098 1598 1162 1656 dico
1185 1597 1276 1656 libros
1299 1595 1388 1653 eele-

223 1703 368 1763 berrimos
390 1705 498 1778 quibus
520 1706 620 1779 ipsum
643 1706 780 1780 Organon
807 1703 1024 1764 Aristotelicum
1050 1697 1244 1759 introducitur
1265 1695 1386 1770 quique

224 1804 426 1864 inscribuntur
451 1799 647 1891 κατηγορίαι
676 1814 705 1865 et
728 1802 805 1889 περὶ
828 1797 1014 1888 ἑρμηνείας,
1041 1805 1096 1861 bos
1123 1800 1211 1874 igitur
1233 1797 1289 1872 ipsi
1312 1797 1386 1854 Ari-

223 1906 321 1966 stoteli
348 1907 508 1967 inveterato
542 1925 642 1969 errore
668 1911 741 1968 laiso
767 1909 865 1968 tribui.
910 1911 1047 1967 Veterum
1073 1905 1131 1962 iam
1158 1901 1277 1974 quidam
1298 1899 1387 1957 velut

223 2006 409 2066 Andronicus
433 2009 484 2082 (et.
510 2009 545 2068 de
567 2011 754 2070 Hermeneut.
779 2013 845 2070 Scb.
858 2013 905 2070 Bc.
922 2007 974 2081 97,
991 2006 1031 2068 19
1055 2013 1084 2064 et
1106 2004 1175 2062 ibid.
1192 2008 1252 2060 not.
1275 2001 1311 2059 cl
1325 1999 1383 2072 34,

224 2105 264 2164 21
279 2123 355 2182 sqq„
380 2110 415 2168 de
439 2109 536 2183 Categ.
560 2127 620 2170 non
643 2113 728 2172 tertia
750 2120 831 2185 parte
853 2113 952 2171 solum
986 2111 1023 2168 de
1046 2123 1104 2181 qua
1126 2106 1161 2162 cl.
1186 2105 1251 2163 Scb.
1268 2101 1320 2176 81,
1336 2101 1382 2163 27

226 2209 279 2265 sed
302 2210 382 2266 omni
404 2211 478 2269 libro
502 2212 569 2270 Scb.
585 2208 636 2282 33,
653 2209 828 2286 aaa—bct)
857 2231 927 2272 num
951 2209 1115 2270 Aristotelis
1138 2207 1179 2265 illi
1201 2213 1303 2265 essent
1324 2207 1383 2262 du-

212 2306 370 2385 bitabant,
405 2327 479 2384 quae
513 2329 548 2371 eo
576 2311 692 2387 gravior
724 2315 864 2373 dubitatio
892 2322 937 2374 est
970 2313 1050 2387 quod
1083 2327 1119 2368 ax
1145 2309 1262 2367 duobus
1290 2307 1381 2366 buius

226 2413 389 2482 argumenti
414 2412 497 2472 libris
524 2414 622 2472 verbis
648 2423 760 2474 tantum
788 2415 1021 2490 discrepantibus
1043 2417 1121 2473 bunc
1143 2426 1232 2484 quern
1254 2410 1382 2484 legimus

227 2510 387 2582 genuinum
411 2527 479 2570 esse
501 2512 665 2573 Aristotelis
687 2517 855 2577 coniectura
877 2525 988 2576 tantum
1012 2515 1102 2576 critici
1124 2511 1382 2573 veteresallinma-

226 2618 328 2668 verant
353 2613 437 2684 (Scb.
453 2610 504 2686 39,
521 2611 571 2674 25.
588 2612 741 2690 33332).
789 2619 825 2676 Et
850 2619 925 2677 liber
954 2619 1073 2694 quidem
1103 2609 1182 2699 περὶ
1210 2603 1383 2696 ἑρμηνείας

226 2710 261 2782 (i.
275 2726 300 2768 e.
320 2707 399 2794 περὶ
419 2703 656 2798 ἀποφαντικοῦ
678 2708 794 2800 λόγον)
817 2722 853 2778 ad
875 2722 981 2779 multas
1004 2720 1075 2778 alias
1098 2717 1248 2777 doctrinae
1270 2715 1382 2774 Aristo-

227 2810 329 2872 telicae
361 2823 460 2889 partes
492 2819 631 2879 lectorem
665 2837 754 2896 saepe
781 2821 875 2880 reiicit
899 2823 939 2880 ita
966 2831 998 2881 ut
1019 2823 1088 2881 licet
1108 2823 1144 2880 de
1167 2828 1299 2892 tempore
1321 2835 1381 2893 quo

227 2913 355 2988 scriptus
382 2918 421 2976 sit
442 2936 477 2978 ex
500 2921 546 2980 bis
570 2921 756 2982 citationibus
779 2925 918 2997 (Brundis
942 2924 1010 2997 Org.
1031 2921 1093 2982 264
1110 2923 1171 2997 sq.)
1205 2921 1276 2979 certi
1309 2920 1382 2978 nibil

228 3016 315 3088 plone
338 3019 487 3096 efficiatur,
523 3023 654 3083 videatur
687 3033 784 3086 tamen
818 3043 936 3084 omnem
965 3027 1022 3085 inm
1048 3025 1189 3083 librorum
1218 3023 1384 3083 Aristotelis

228 3118 369 3180 ambitum
396 3125 572 3198 cognovisse
605 3127 656 3200 qui
683 3142 757 3199 quae
784 3127 850 3202 ipse
871 3128 1042 3187 Aristoteles
1076 3119 1154 3209 περὶ
1176 3115 1385 3209 ἀποφάσεως

228 3213 284 3279 καί
306 3216 527 3307 καταφάσεως
549 3228 660 3300 passim
682 3229 776 3302 tetigit
798 3229 848 3302 (cl.
872 3231 996 3304 Metapb.
1015 3226 1043 3300 5,
1059 3229 1089 3286 4.
1106 3227 1136 3300 9,
1152 3229 1181 3286 4.
1199 3227 1227 3289 5.
1252 3231 1288 3287 de
1300 3229 1383 3287 coelo

230 3318 404 3398 1,12οιο.)
427 3328 607 3387 monobiblio
636 3339 770 3404 separato
793 3331 947 3406 explicavit
969 3331 1130 3405 discipulus
1153 3333 1202 3404 (ut
1223 3332 1385 3405 categoria-

229 3437 294 3482 rum
316 3437 418 3490 auctor
443 3423 522 3513 περὶ
541 3427 608 3492 τῶν
630 3427 714 3494 κατά
735 3425 900 3516 μηδεμίαν
922 3427 1117 3515 συμπλοκὴν
1137 3424 1322 3514 λεγομένων
1344 3433 1384 3492 ita

230 3527 278 3586 bic
299 3547 390 3604 agens
423 3526 499 3613 περὶ
524 3532 590 3594 τιῦν
612 3529 696 3595 κατὰ
719 3531 912 3620 συμπλοκήν
932 3532 1044 3618 λεγομ.
1077 3537 1107 3594 in
1142 3536 1250 3610 quibus
1281 3551 1386 3596 verum

231 3636 260 3686 ct
281 3631 388 3692 falsum
411 3635 547 3710 cernitur,
571 3638 606 3695 ci.
631 3637 690 3696 Cat.
715 3641 774 3698 ο.4
798 3647 826 3699 ct
849 3643 885 3700 de
908 3637 1104 3714 interpreti,
1133 3638 1219 3696 etiam
1243 3637 1304 3696 Cat.
1317 3636 1387 3698 131)

232 3727 350 3792 10.13.
374 3737 508 3797 diversus
529 3745 627 3797 tamen
649 3749 751 3800 auctor
772 3743 808 3800 ab
831 3742 880 3800 illo
904 3743 951 3802 cui
973 3743 1029 3800 alio
1046 3757 1137 3801 sensu
1156 3725 1271 3822 πρῶτη
1286 3729 1388 3803 οάσίοι

234 3835 359 3896 sumitur
392 3839 427 3897 cf.
450 3839 542 3900 Writz
567 3841 635 3916 Org.
658 3841 686 3916 1,
708 3841 779 3904 363.
813 3843 860 3902 Ar.
888 3861 916 3917 p.
938 3841 988 3916 23,
1009 3844 1059 3903 24.
1083 3839 1150 3903 Scb.
1166 3839 1217 3914 33,
1234 3837 1274 3900 36
1291 3845 1386 3916 sqq.).

231 3939 347 3998 Etenim
381 3949 449 4017 post
482 3943 646 4004 Aristotelis
679 3947 876 4020 Metapbysica
910 3946 1066 4020 scripsisse
1098 3952 1246 4004 auctorem
1280 3959 1317 4001 ex
1349 3961 1388 4005 eo

234 4057 334 4100 sumas
357 4046 435 4118 quod
459 4047 488 4105 in
511 4048 764 4122 argumentatione
779 4048 895 4122 capituli
908 4047 950 4106 12
964 4056 1112 4122 tamquam
1123 4046 1278 4106 notissimo
1294 4047 1391 4106 utitur

233 4159 269 4204 eo
294 4148 373 4218 quod
395 4148 425 4207 in
448 4149 534 4207 tertio
557 4149 821 4226 Metapbysicorum
848 4152 1076 4210 demonstratur:
1105 4139 1191 4210 ἀλλά
1217 4141 1283 4230 μὴν
1303 4139 1390 4212 ἀδύ-

200 4297 202 4302 .
235 4262 336 4307 νατον
357 4244 440 4311 κατά
462 4248 523 4312 τοῦ
546 4240 649 4312 αὐτοῦ
675 4242 911 4334 ἀληθεύεσθαι
934 4247 993 4326 τάς
1015 4243 1241 4330 ἀντικειμένας
1263 4241 1391 4334 φάσεις

238 4345 319 4412 (213
337 4349 385 4411 tt.
409 4356 443 4413 cl.
461 4353 512 4426 22,
529 4352 557 4414 1.
575 4354 640 4414 aab
656 4353 684 4416 9.
709 4356 744 4416 cf.
762 4356 848 4414 etiam
864 4373 888 4415 c.
905 4352 946 4415 13
963 4355 1011 4414 dn.
1028 4363 1056 4414 et
1072 4357 1194 4430 Metapb.
1208 4353 1238 4427 8,
1251 4353 1296 4428 2).
1328 4357 1390 4418 Nec
