3024 5162
626 433 628 440 ·
710 391 772 452 att

164 566 330 632 excerptam
364 561 442 620 enim
475 536 543 622 esse
573 572 604 622 ιιι
630 579 693 623 cam
721 564 867 640 intelligas
901 583 960 626 non
988 584 1058 628 vero
1086 570 1205 629 alterius
1232 569 1315 644 qnasi

163 661 384 722 fundamentum
419 665 526 723 suliicit
559 665 623 740 ipsa
655 667 740 726 lectio
774 676 803 727 ct
831 670 1007 743 comparatio
1035 705 1074 713 -
1102 673 1163 731 reri
1190 672 1315 732 auctoris

163 779 273 824 nomen
300 781 334 824 ex
363 765 478 842 integro
512 768 670 843 exemplari
698 770 807 829 servari
834 772 982 847 potuisse,
1017 791 1052 832 cc
1076 775 1158 833 tacite
1180 773 1315 835 retuleris

163 868 244 940 quod
269 877 371 928 auctor
397 869 513 928 illorum
540 871 645 944 probat
667 875 710 947 (p.
727 873 784 947 22)
813 875 987 935 sententiam
1014 877 1063 951 qui
1091 884 1242 936 aeternum
1270 893 1316 936 se·
1389 953 1391 957 ,

163 972 293 1030 cundum
305 971 435 1030 Platonis
447 980 574 1032 mentem
588 978 731 1034 mundum
745 992 813 1035 esse
825 986 1005 1036 assererent:
1022 986 1151 1038 ceterum
1163 987 1191 1039 ct
1204 978 1317 1038 doctior

163 1073 224 1132 lete
249 1073 298 1132 bic
323 1084 425 1133 auctor
451 1083 498 1134 εει
518 1071 678 1152 pluresque
712 1078 780 1138 citat
806 1087 920 1139 veteres
949 1081 1107 1156 scriptores
1140 1081 1223 1154 (licet
1244 1095 1316 1139 sanc

162 1175 237 1249 ipsis
249 1191 309 1234 non
320 1191 395 1236 usus
407 1177 460 1250 sit)
483 1194 571 1252 quarn
593 1195 646 1254 pro
668 1180 831 1254 Philoponc
854 1183 987 1256 quamvis
1001 1183 1152 1258 pbilcpcni
1168 1183 1317 1242 doctrinae

163 1277 293 1336 modulo.
341 1277 404 1336 Jam
431 1295 522 1353 qrrum
550 1283 587 1340 dc
612 1282 767 1342 Ammonio
794 1284 951 1358 antiquiori
978 1285 1026 1344 vix
1053 1286 1240 1360 cogitandum
1269 1283 1315 1355 sit,

163 1380 209 1439 vel
232 1379 258 1440 si
280 1379 424 1440 incertum
457 1382 496 1441 sit
517 1391 721 1458 argumentum
749 1401 784 1444 ex
807 1386 883 1444 vitae
916 1385 1010 1462 ipsius
1038 1387 1169 1446 clausula
1194 1388 1316 1462 petitum

163 1483 214 1542 ubi
230 1484 274 1556 (p.
287 1481 345 1558 26)
366 1493 435 1558 post
455 1485 590 1544 lacunam
613 1503 701 1560 quam
723 1487 834 1546 notamt
855 1489 1024 1557 Nunnesius
1040 1506 1068 1563 p.
1081 1486 1144 1548 162
1156 1505 1200 1564 sq.
1214 1489 1318 1549 citatur

163 1585 332 1660 Simplicius
355 1587 420 1646 eius
443 1587 606 1662 discipulus
629 1620 670 1630 -
687 1588 756 1647 'lieri
783 1590 860 1649 enim
888 1589 982 1666 potuit
1007 1599 1039 1651 ut
1061 1595 1160 1650 notam
1184 1593 1259 1650 banc
1280 1606 1316 1649 cx

163 1687 229 1762 ipsc
257 1687 398 1763 Simplicii
427 1691 462 1749 ad
490 1690 507 1748 l.
533 1691 569 1750 de
596 1691 678 1750 coelo
701 1692 910 1751 commentario
945 1701 1072 1752 sumtam
1097 1695 1189 1754 lector
1210 1693 1318 1766 aliquis

162 1790 343 1850 adscriberet
369 1793 405 1850 ad
432 1792 508 1851 vitae
534 1799 682 1852 rumorem
711 1809 771 1852 nnn
795 1793 1003 1868 pertinentem,
1030 1796 1202 1870 praesertim
1226 1811 1317 1869 quum

165 1900 195 1951 ει
215 1910 233 1952 a
253 1894 383 1953 Walensi
407 1895 570 1968 negligatur
591 1895 642 1969 qui
663 1895 704 1954 ita
725 1895 803 1954 finit:
830 1895 1004 1968 „Proprium
1028 1905 1123 1956 autem
1147 1897 1201 1956 init
1222 1896 1318 1971 pbilo-

167 1995 287 2069 sopbiae
314 1996 479 2056 Aristotelis
509 2011 570 2054 non
604 1997 755 2056 discedere
782 1998 994 2058 amanitestis.
1038 1999 1108 2058 Post
1135 1999 1318 2058 demonstra-

166 2083 262 2158 tiones
287 2098 352 2157 eius
385 2106 465 2157 esset
490 2098 649 2158 multorum
676 2098 843 2158 testimonia
869 2099 960 2159 lerre'’
993 2109 1022 2160 et
1054 2101 1123 2160 huic
1156 2099 1320 2160 consentiat

165 2200 259 2259 codex
280 2199 464 2260 Florentinus
487 2201 565 2275 (des.
589 2207 640 2272 „et
660 2201 820 2259 multorum
843 2201 1011 2260 testimonia
1032 2203 1163 2277 teneor
1183 2237 1223 2245 —
1240 2219 1319 2262 unns

163 2302 225 2363 lere
258 2303 432 2379 relinquitur
454 2302 695 2378 olympiodorus,
723 2318 812 2376 quem
845 2303 1018 2378 magistrum
1045 2304 1074 2363 in
1098 2305 1320 2380 prolegomenis

163 2405 251 2466 ctiam
278 2405 369 2464 David
401 2405 452 2479 qui
484 2406 561 2462 banc
592 2405 688 2479 ipsam
719 2405 807 2463 vitam
841 2405 996 2479 exscripsit
1028 2421 1099 2465 suae
1126 2407 1320 2481 expositionis

162 2511 276 2570 iontem
309 2508 378 2567 tecit
405 2515 434 2568 et
459 2507 699 2579 fundamentunt;
730 2507 787 2565 nisi
818 2507 892 2565 lorte
919 2507 1065 2580 quendam
1092 2508 1191 2580 paullo
1218 2523 1319 2566 recen-

164 2612 270 2671 tiorem
297 2609 499 2685 Olympiadem
531 2608 619 2667 vitam
652 2608 847 2682 exscripsisse
880 2609 1044 2682 praeferas:
1076 2623 1148 2667 sane
1177 2609 1256 2668 enim
1284 2625 1320 2669 ec

165 2715 246 2789 qnod
268 2728 344 2788 quae
370 2711 400 2769 in
430 2726 546 2786 quaque
574 2709 728 2783 disciplina
754 2709 818 2784 ipsc
841 2709 1013 2769 Aristoteles
1036 2725 1111 2769 nora
1134 2711 1321 2784 „invenerit”

165 2815 323 2876 ostendere
357 2813 490 2874 studiose
517 2819 654 2884 conatur,
688 2810 794 2870 similis
822 2811 1038 2885 quodammodo
1067 2820 1116 2872 est
1135 2812 1270 2886 scriptori
1293 2821 1323 2873 et

164 2919 222 2993 ipsi
245 2932 392 2992 anonymo
415 2931 452 2974 ex
474 2913 559 2972 cuins
580 2912 802 2986 Protagomenis
824 2912 854 2971 in
877 2912 1006 2972 Platonis
1029 2913 1245 2990 philosophiam
1265 2931 1321 2974 un-

165 3021 261 3082 decim
283 3019 409 3094 onpitula
430 3013 650 3076 contuentibus
671 3015 723 3088 (ci.
746 3014 883 3074 Lambec.
906 3016 942 3075 de
964 3016 1034 3076 bibl.
1057 3017 1139 3078 Caes.
1155 3016 1321 3077 vindobon.

164 3153 367 3177 ...-....-...t-.

237 3241 249 3268 ·
279 3243 342 3292 Sane
359 3239 394 3288 rix
411 3237 552 3288 eredendum
575 3245 612 3288 est
628 3237 658 3288 de
680 3237 740 3288 fibro
758 3236 861 3302 quadarn
879 3235 1030 3288 Anactelicc
1051 3251 1123 3302 quem
1145 3239 1206 3290 bene
1227 3247 1322 3290 noverat

166 3329 302 3395 Simplicius
320 3329 390 3378 buius
409 3325 483 3377 solius
501 3325 637 3377 testimonio
655 3326 690 3376 uti
708 3325 815 3390 petuisse
831 3324 891 3374 ritae
909 3332 1029 3375 auctorem
1048 3325 1088 3378 illo
1106 3335 1169 3378 certe
1187 3343 1234 3379 non
1246 3327 1322 3378 multo

166 3417 330 3484 posteriorem.
366 3412 530 3479 Suspicionem
549 3418 618 3476 auget
636 3412 733 3463 lacuna:
752 3412 835 3462 babuit
854 3411 915 3462 enim
929 3413 1043 3464 itacodex
1051 3415 1164 3464 Nunnesii
1183 3415 1322 3480 „Proprium

166 3512 247 3556 autern
265 3504 310 3555 init
327 3501 491 3568 pbiloscpbiae
508 3500 641 3552 Aristotelis
659 3514 707 3550 non
725 3499 845 3550 discedere
863 3535 1079 3550 .........
1098 3501 1323 3552 antemlristotcles

166 3592 253 3643 librum
272 3591 301 3640 de
321 3590 436 3651 oratione,
454 3589 517 3638 unde
535 3588 683 3654 Simplicius:
705 3587 770 3652 quod
794 3588 857 3638 enirn
875 3587 990 3650 intelligat
1007 3594 1031 3638 et
1048 3602 1120 3652 snper
1137 3588 1282 3639 intellectum
1300 3596 1324 3638 et

168 3677 415 3746 supersubstantiam
433 3675 580 3739 Aristoteles,
598 3674 750 3725 manifestum
768 3684 805 3726 est
828 3676 905 3740 apud
922 3674 1013 3724 linem
1037 3672 1108 3724 libri
1127 3675 1160 3724 de
1178 3674 1324 3726 Oratione

168 3767 239 3834 plane
257 3765 353 3815 dicens:
376 3765 441 3829 quod
464 3763 582 3814 densant
600 3761 733 3812 intellectus
757 3771 793 3812 est
811 3772 853 3814 aut
870 3762 961 3827 aliquid
979 3763 1040 3812 ultra
1058 3761 1224 3811 intellectum.”
1260 3762 1324 3810 Nun-

168 3854 250 3906 nesins
268 3851 383 3917 supplerit
400 3851 469 3900 rerba
487 3851 535 3914 „ab
552 3849 673 3900 evidentia.
694 3849 845 3916 Composuit'
865 3850 962 3916 (adsit.
981 3865 1005 3914 p.
1022 3849 1077 3901 tce.
1091 3845 1154 3913 163)
1173 3847 1241 3911 plura
1254 3849 1324 3897 etiam

169 3951 198 3994 nt
214 3940 332 3992 senmntia
349 3945 424 3988 staret
442 3937 526 3988 deesse
542 3938 685 4001 suspicatus,
703 3945 729 3988 at
747 3938 777 3988 el.
788 3952 849 4002 quas
867 3952 939 4004 snpra
957 3937 1064 4002 apposui.
1100 3936 1153 4000 lpsa
1165 3943 1243 3986 autern
1255 3936 1324 3984 rerba

169 4029 210 4080 illa
228 4042 255 4078 ex
274 4025 388 4091 Simplicii
411 4041 496 4078 comm
519 4025 550 4075 ad
567 4023 606 4074 br.
630 4024 660 4074 de
678 4025 750 4076 Coelo
775 4033 832 4076 sunt
855 4025 989 4090 interpretis
1011 4023 1062 4073 eius
1084 4021 1150 4072 latini
1169 4021 1277 4072 Guilelmi
1296 4021 1325 4071 de

169 4115 294 4168 lloerbelre
320 4113 444 4179 (adven.
465 4115 532 4166 1555
551 4127 589 4176 sp.
608 4111 704 4162 llieron.
723 4113 830 4175 Sectam,
854 4126 916 4176 quae
934 4112 1005 4162 editio
1027 4111 1083 4160 licet
1106 4109 1213 4174 ‚moriter
1230 4108 1279 4159 iere
1296 4109 1325 4160 de

169 4203 259 4265 integro
278 4200 431 4266 interpretata
449 4216 477 4251 ac
496 4214 549 4250 enm
568 4199 688 4250 fidissimis
707 4200 775 4250 codd.
795 4200 890 4250 Graecis
903 4215 984 4250 recens
996 4197 1095 4248 eollatn”
1113 4195 1324 4258 intitulodicatur,

89 4300 92 4304 ·
171 4289 229 4340 nibil
247 4297 327 4339 tamen
343 4289 388 4338 nisi
406 4294 506 4338 veterem
526 4287 589 4336 illam
608 4287 718 4337 sec.lllll
736 4285 866 4337 versionem
884 4286 945 4337 ierne
963 4286 1032 4337 titulo
1052 4294 1078 4336 ut
1090 4285 1184 4350 saepius
1193 4285 1237 4333 bac
1249 4289 1326 4332 aetate

170 4377 259 4428 metum
277 4384 314 4426 est
331 4374 439 4426 mendaci
458 4373 646 4425 commendatam
663 4373 801 4436 intelligitur
819 4389 845 4424 ex
863 4374 939 4424 verbis
957 4373 1017 4423 libro
1030 4372 1100 4422 tertio
1112 4380 1136 4422 ct
1149 4379 1325 4435 quartcsupra-

170 4464 265 4530 scriptis
283 4463 425 4526 „Guiliclmo
446 4462 551 4514 llorbeto
569 4461 666 4512 doctore
683 4461 835 4529 interprete”)
857 4462 898 4526 qui
922 4461 955 4512 ita
973 4459 988 4509 i.
1004 4459 1070 4512 lle:
1102 4458 1189 4522 ,‚0nod
1211 4457 1274 4509 enim
1291 4457 1327 4508 in·
