<?xml version="1.0" encoding="UTF-8"?>
<!DOCTYPE html PUBLIC "-//W3C//DTD XHTML 1.0 Transitional//EN"
    "http://www.w3.org/TR/xhtml1/DTD/xhtml1-transitional.dtd">
<html xmlns="http://www.w3.org/1999/xhtml" xml:lang="en" lang="en">
 <head>
  <title>
</title>
<meta http-equiv="Content-Type" content="text/html;charset=utf-8" />
  <meta name='ocr-system' content='tesseract 3.04.00' />
  <meta name='ocr-capabilities' content='ocr_page ocr_carea ocr_par ocr_line ocrx_word'/>
</head>
<body>
  <div class='ocr_page' id='page_1' title='image "./dearistotelisli01rosegoog_0043.png"; bbox 0 0 3072 5164; ppageno 0'>
   <div class='ocr_carea' id='block_1_1' title="bbox 801 362 841 423">
    <p class='ocr_par' dir='ltr' id='par_1_1' title="bbox 801 362 841 423">
     <span class='ocr_line' id='line_1_1' title="bbox 801 362 841 423; baseline -0.025 0"><span class='ocrx_word' id='word_1_1' title='bbox 801 362 841 423; x_wconf 83' lang='grc'>36</span> 
     </span>
    </p>
   </div>
   <div class='ocr_carea' id='block_1_2' title="bbox 221 533 1403 4457">
    <p class='ocr_par' dir='ltr' id='par_1_2' title="bbox 221 533 1403 4457">
     <span class='ocr_line' id='line_1_2' title="bbox 249 533 1401 609; baseline -0.002 -17"><span class='ocrx_word' id='word_1_2' title='bbox 249 542 315 609; x_wconf 87' lang='lat' dir='ltr'>post</span> <span class='ocrx_word' id='word_1_3' title='bbox 337 533 531 608; x_wconf 91' lang='lat' dir='ltr'>Chrysippum</span> <span class='ocrx_word' id='word_1_4' title='bbox 549 534 689 594; x_wconf 88' lang='lat' dir='ltr'>exhausta</span> <span class='ocrx_word' id='word_1_5' title='bbox 704 533 757 592; x_wconf 87' lang='lat' dir='ltr'>luit</span> <span class='ocrx_word' id='word_1_6' title='bbox 773 534 970 607; x_wconf 77' lang='lat' dir='ltr'>constititque,</span> <span class='ocrx_word' id='word_1_7' title='bbox 995 533 1137 607; x_wconf 82' lang='lat' dir='ltr'>Epicurea</span> <span class='ocrx_word' id='word_1_8' title='bbox 1152 533 1254 592; x_wconf 91' lang='lat' dir='ltr'>morali</span> <span class='ocrx_word' id='word_1_9' title='bbox 1270 533 1401 592; x_wconf 85' lang='lat' dir='ltr'>doctrina</span> 
     </span>
     <span class='ocr_line' id='line_1_3' title="bbox 247 630 1402 710; baseline -0.001 -17"><span class='ocrx_word' id='word_1_10' title='bbox 247 636 298 707; x_wconf 87' lang='lat' dir='ltr'>(ct.</span> <span class='ocrx_word' id='word_1_11' title='bbox 322 635 401 708; x_wconf 82' lang='lat' dir='ltr'>Epic.</span> <span class='ocrx_word' id='word_1_12' title='bbox 425 651 470 708; x_wconf 90' lang='lat' dir='ltr'>ap.</span> <span class='ocrx_word' id='word_1_13' title='bbox 495 635 526 692; x_wconf 88' lang='lat' dir='ltr'>ll.</span> <span class='ocrx_word' id='word_1_14' title='bbox 543 635 574 692; x_wconf 82' lang='lat' dir='ltr'>L.</span> <span class='ocrx_word' id='word_1_15' title='bbox 592 630 709 706; x_wconf 80' lang='grc'>1000.</span> <span class='ocrx_word' id='word_1_16' title='bbox 726 632 767 694; x_wconf 82' lang='grc'>67</span> <span class='ocrx_word' id='word_1_17' title='bbox 784 635 855 708; x_wconf 83' lang='grc'>010.)</span> <span class='ocrx_word' id='word_1_18' title='bbox 888 636 996 710; x_wconf 81' lang='lat' dir='ltr'>quippe</span> <span class='ocrx_word' id='word_1_19' title='bbox 1024 637 1069 694; x_wconf 91' lang='lat' dir='ltr'>vel</span> <span class='ocrx_word' id='word_1_20' title='bbox 1096 635 1200 710; x_wconf 84' lang='lat' dir='ltr'><strong>logicis</strong></span> <span class='ocrx_word' id='word_1_21' title='bbox 1232 641 1264 692; x_wconf 91' lang='lat' dir='ltr'>ut</span> <span class='ocrx_word' id='word_1_22' title='bbox 1289 635 1402 692; x_wconf 86' lang='lat' dir='ltr'>mathc-</span> 
     </span>
     <span class='ocr_line' id='line_1_4' title="bbox 248 733 1402 812; baseline 0.001 -19"><span class='ocrx_word' id='word_1_23' title='bbox 248 735 361 794; x_wconf 88' lang='lat' dir='ltr'>maticis</span> <span class='ocrx_word' id='word_1_24' title='bbox 385 737 573 810; x_wconf 88' lang='lat' dir='ltr'>physicisque</span> <span class='ocrx_word' id='word_1_25' title='bbox 595 743 715 810; x_wconf 90' lang='lat' dir='ltr'>propter</span> <span class='ocrx_word' id='word_1_26' title='bbox 737 752 850 794; x_wconf 90' lang='lat' dir='ltr'>merum</span> <span class='ocrx_word' id='word_1_27' title='bbox 874 739 1074 812; x_wconf 89' lang='lat' dir='ltr'>empirismum</span> <span class='ocrx_word' id='word_1_28' title='bbox 1090 735 1137 809; x_wconf 87' lang='lat' dir='ltr'>(D.</span> <span class='ocrx_word' id='word_1_29' title='bbox 1154 737 1186 792; x_wconf 83' lang='lat' dir='ltr'>L.</span> <span class='ocrx_word' id='word_1_30' title='bbox 1203 733 1254 808; x_wconf 88' lang='grc'>10,</span> <span class='ocrx_word' id='word_1_31' title='bbox 1269 733 1311 794; x_wconf 86' lang='grc'>86</span> <span class='ocrx_word' id='word_1_32' title='bbox 1320 735 1402 808; x_wconf 86' lang='lat' dir='ltr'>sqq.)</span> 
     </span>
     <span class='ocr_line' id='line_1_5' title="bbox 229 835 1403 912; baseline -0.002 -18"><span class='ocrx_word' id='word_1_33' title='bbox 229 837 368 908; x_wconf 82' lang='lat' dir='ltr'>intesta,</span> <span class='ocrx_word' id='word_1_34' title='bbox 407 851 473 894; x_wconf 86' lang='lat' dir='ltr'>cum</span> <span class='ocrx_word' id='word_1_35' title='bbox 500 838 565 911; x_wconf 90' lang='lat' dir='ltr'>ipso</span> <span class='ocrx_word' id='word_1_36' title='bbox 593 837 733 910; x_wconf 88' lang='lat' dir='ltr'>magistro</span> <span class='ocrx_word' id='word_1_37' title='bbox 761 837 812 910; x_wconf 93' lang='lat' dir='ltr'>qui</span> <span class='ocrx_word' id='word_1_38' title='bbox 833 838 1053 912; x_wconf 85' lang='lat' dir='ltr'>Peripateticum</span> <span class='ocrx_word' id='word_1_39' title='bbox 1088 835 1276 894; x_wconf 84' lang='lat' dir='ltr'>beatitudinis</span> <span class='ocrx_word' id='word_1_40' title='bbox 1299 835 1403 893; x_wconf 89' lang='lat' dir='ltr'>delini·</span> 
     </span>
     <span class='ocr_line' id='line_1_6' title="bbox 250 937 1401 1016; baseline -0.006 -16"><span class='ocrx_word' id='word_1_41' title='bbox 250 943 358 1000; x_wconf 90' lang='lat' dir='ltr'>tionem</span> <span class='ocrx_word' id='word_1_42' title='bbox 385 942 478 1016; x_wconf 91' lang='lat' dir='ltr'>ipsam</span> <span class='ocrx_word' id='word_1_43' title='bbox 506 954 609 996; x_wconf 87' lang='lat' dir='ltr'>revera</span> <span class='ocrx_word' id='word_1_44' title='bbox 635 937 763 995; x_wconf 89' lang='lat' dir='ltr'>Platonis</span> <span class='ocrx_word' id='word_1_45' title='bbox 790 939 921 1012; x_wconf 75' lang='lat' dir='ltr'>priorum</span> <span class='ocrx_word' id='word_1_46' title='bbox 947 941 1014 998; x_wconf 89' lang='lat' dir='ltr'>lites</span> <span class='ocrx_word' id='word_1_47' title='bbox 1043 937 1246 1012; x_wconf 88' lang='lat' dir='ltr'>componentis</span> <span class='ocrx_word' id='word_1_48' title='bbox 1273 943 1401 994; x_wconf 84' lang='lat' dir='ltr'><strong>mentem</strong></span> 
     </span>
     <span class='ocr_line' id='line_1_7' title="bbox 249 1037 1401 1116; baseline -0.005 -16"><span class='ocrx_word' id='word_1_49' title='bbox 249 1043 461 1116; x_wconf 76' lang='lat' dir='ltr'>exprimentem</span> <span class='ocrx_word' id='word_1_50' title='bbox 488 1041 524 1098; x_wconf 92' lang='lat' dir='ltr'>ad</span> <span class='ocrx_word' id='word_1_51' title='bbox 551 1041 643 1097; x_wconf 92' lang='lat' dir='ltr'>solam</span> <span class='ocrx_word' id='word_1_52' title='bbox 671 1039 828 1112; x_wconf 77' lang='lat' dir='ltr'>practicam</span> <span class='ocrx_word' id='word_1_53' title='bbox 854 1039 943 1097; x_wconf 86' lang='lat' dir='ltr'>vitam</span> <span class='ocrx_word' id='word_1_54' title='bbox 970 1039 1068 1100; x_wconf 90' lang='lat' dir='ltr'>retulit</span> <span class='ocrx_word' id='word_1_55' title='bbox 1094 1039 1214 1096; x_wconf 93' lang='lat' dir='ltr'>omnino</span> <span class='ocrx_word' id='word_1_56' title='bbox 1238 1037 1401 1096; x_wconf 88' lang='lat' dir='ltr'>deficiente.</span> 
     </span>
     <span class='ocr_line' id='line_1_8' title="bbox 248 1139 1401 1217; baseline -0.002 -17"><span class='ocrx_word' id='word_1_57' title='bbox 248 1144 315 1202; x_wconf 88' lang='lat' dir='ltr'>lure</span> <span class='ocrx_word' id='word_1_58' title='bbox 349 1143 436 1217; x_wconf 86' lang='lat' dir='ltr'>igitur</span> <span class='ocrx_word' id='word_1_59' title='bbox 463 1141 598 1200; x_wconf 90' lang='lat' dir='ltr'>concludi</span> <span class='ocrx_word' id='word_1_60' title='bbox 625 1147 722 1214; x_wconf 89' lang='lat' dir='ltr'>potest</span> <span class='ocrx_word' id='word_1_61' title='bbox 747 1141 947 1215; x_wconf 79' lang='lat' dir='ltr'>praecessisse</span> <span class='ocrx_word' id='word_1_62' title='bbox 974 1143 1050 1200; x_wconf 91' lang='lat' dir='ltr'>hano</span> <span class='ocrx_word' id='word_1_63' title='bbox 1076 1139 1168 1212; x_wconf 86' lang='lat' dir='ltr'>solius</span> <span class='ocrx_word' id='word_1_64' title='bbox 1197 1139 1258 1198; x_wconf 88' lang='lat' dir='ltr'>iere</span> <span class='ocrx_word' id='word_1_65' title='bbox 1287 1141 1401 1198; x_wconf 81' lang='lat' dir='ltr'>ethicae</span> 
     </span>
     <span class='ocr_line' id='line_1_9' title="bbox 249 1239 1403 1318; baseline -0.004 -15"><span class='ocrx_word' id='word_1_66' title='bbox 249 1245 408 1318; x_wconf 83' lang='lat' dir='ltr'>sapientiae</span> <span class='ocrx_word' id='word_1_67' title='bbox 431 1250 554 1302; x_wconf 88' lang='lat' dir='ltr'>aetatem</span> <span class='ocrx_word' id='word_1_68' title='bbox 576 1249 693 1315; x_wconf 91' lang='lat' dir='ltr'>tempus</span> <span class='ocrx_word' id='word_1_69' title='bbox 715 1241 788 1300; x_wconf 92' lang='lat' dir='ltr'>illud</span> <span class='ocrx_word' id='word_1_70' title='bbox 811 1257 869 1314; x_wconf 92' lang='lat' dir='ltr'>quo</span> <span class='ocrx_word' id='word_1_71' title='bbox 891 1249 920 1299; x_wconf 90' lang='grc'>01</span> <span class='ocrx_word' id='word_1_72' title='bbox 942 1241 1049 1314; x_wconf 89' lang='lat' dir='ltr'>scripta</span> <span class='ocrx_word' id='word_1_73' title='bbox 1065 1241 1228 1300; x_wconf 88' lang='lat' dir='ltr'>Aristotelis</span> <span class='ocrx_word' id='word_1_74' title='bbox 1243 1239 1403 1315; x_wconf 87' lang='lat' dir='ltr'>pseudepi-</span> 
     </span>
     <span class='ocr_line' id='line_1_10' title="bbox 249 1341 1401 1420; baseline -0.005 -16"><span class='ocrx_word' id='word_1_75' title='bbox 249 1347 358 1420; x_wconf 88' lang='lat' dir='ltr'>grapha</span> <span class='ocrx_word' id='word_1_76' title='bbox 394 1345 490 1403; x_wconf 90' lang='lat' dir='ltr'>omnia</span> <span class='ocrx_word' id='word_1_77' title='bbox 524 1350 554 1402; x_wconf 90' lang='lat' dir='ltr'>et</span> <span class='ocrx_word' id='word_1_78' title='bbox 586 1343 704 1416; x_wconf 91' lang='lat' dir='ltr'>quidem</span> <span class='ocrx_word' id='word_1_79' title='bbox 742 1350 827 1400; x_wconf 89' lang='lat' dir='ltr'>antea</span> <span class='ocrx_word' id='word_1_80' title='bbox 863 1341 1064 1415; x_wconf 90' lang='lat' dir='ltr'>philosophica</span> <span class='ocrx_word' id='word_1_81' title='bbox 1097 1342 1279 1417; x_wconf 90' lang='lat' dir='ltr'>physicaque</span> <span class='ocrx_word' id='word_1_82' title='bbox 1313 1357 1401 1415; x_wconf 92' lang='lat' dir='ltr'>quam</span> 
     </span>
     <span class='ocr_line' id='line_1_11' title="bbox 249 1441 1402 1525; baseline -0.004 -20"><span class='ocrx_word' id='word_1_83' title='bbox 249 1446 387 1525; x_wconf 86' lang='lat' dir='ltr'>historica</span> <span class='ocrx_word' id='word_1_84' title='bbox 408 1444 613 1504; x_wconf 83' lang='lat' dir='ltr'>Alexandrinis</span> <span class='ocrx_word' id='word_1_85' title='bbox 635 1444 772 1517; x_wconf 90' lang='lat' dir='ltr'>propiora</span> <span class='ocrx_word' id='word_1_86' title='bbox 795 1451 823 1502; x_wconf 91' lang='lat' dir='ltr'>et</span> <span class='ocrx_word' id='word_1_87' title='bbox 845 1441 992 1500; x_wconf 87' lang='lat' dir='ltr'>Platonica</span> <span class='ocrx_word' id='word_1_88' title='bbox 1015 1441 1229 1502; x_wconf 88' lang='lat' dir='ltr'>Socraticorum</span> <span class='ocrx_word' id='word_1_89' title='bbox 1253 1451 1282 1500; x_wconf 93' lang='lat' dir='ltr'>et</span> <span class='ocrx_word' id='word_1_90' title='bbox 1295 1443 1402 1516; x_wconf 85' lang='lat' dir='ltr'>Pytha-</span> 
     </span>
     <span class='ocr_line' id='line_1_12' title="bbox 247 1543 1402 1622; baseline -0.005 -16"><span class='ocrx_word' id='word_1_91' title='bbox 247 1563 402 1622; x_wconf 84' lang='lat' dir='ltr'>goreorum</span> <span class='ocrx_word' id='word_1_92' title='bbox 427 1547 596 1603; x_wconf 88' lang='lat' dir='ltr'>nominihus</span> <span class='ocrx_word' id='word_1_93' title='bbox 620 1553 721 1603; x_wconf 89' lang='lat' dir='ltr'>ornata</span> <span class='ocrx_word' id='word_1_94' title='bbox 743 1544 905 1619; x_wconf 89' lang='lat' dir='ltr'>composita</span> <span class='ocrx_word' id='word_1_95' title='bbox 928 1543 1020 1600; x_wconf 88' lang='lat' dir='ltr'>fuisse</span> <span class='ocrx_word' id='word_1_96' title='bbox 1035 1545 1164 1616; x_wconf 89' lang='lat' dir='ltr'>putanda</span> <span class='ocrx_word' id='word_1_97' title='bbox 1177 1551 1254 1616; x_wconf 88' lang='lat' dir='ltr'>sunt,</span> <span class='ocrx_word' id='word_1_98' title='bbox 1278 1543 1402 1602; x_wconf 89' lang='lat' dir='ltr'>ssorente</span> 
     </span>
     <span class='ocr_line' id='line_1_13' title="bbox 248 1644 1400 1720; baseline -0.002 -16"><span class='ocrx_word' id='word_1_99' title='bbox 248 1648 360 1706; x_wconf 86' lang='lat' dir='ltr'>scilicet</span> <span class='ocrx_word' id='word_1_100' title='bbox 382 1655 528 1706; x_wconf 91' lang='lat' dir='ltr'>sectarum</span> <span class='ocrx_word' id='word_1_101' title='bbox 550 1653 579 1705; x_wconf 92' lang='lat' dir='ltr'>et</span> <span class='ocrx_word' id='word_1_102' title='bbox 602 1646 749 1720; x_wconf 83' lang='lat' dir='ltr'>diligentia</span> <span class='ocrx_word' id='word_1_103' title='bbox 773 1653 801 1705; x_wconf 92' lang='lat' dir='ltr'>et</span> <span class='ocrx_word' id='word_1_104' title='bbox 823 1645 990 1716; x_wconf 85' lang='lat' dir='ltr'>certamine,</span> <span class='ocrx_word' id='word_1_105' title='bbox 1014 1645 1070 1703; x_wconf 92' lang='lat' dir='ltr'>hoc</span> <span class='ocrx_word' id='word_1_106' title='bbox 1093 1645 1158 1719; x_wconf 92' lang='lat' dir='ltr'>ipso</span> <span class='ocrx_word' id='word_1_107' title='bbox 1181 1654 1278 1704; x_wconf 91' lang='lat' dir='ltr'>tamen</span> <span class='ocrx_word' id='word_1_108' title='bbox 1293 1652 1326 1702; x_wconf 91' lang='lat' dir='ltr'>ut</span> <span class='ocrx_word' id='word_1_109' title='bbox 1336 1644 1400 1718; x_wconf 90' lang='lat' dir='ltr'>ipsa</span> 
     </span>
     <span class='ocr_line' id='line_1_14' title="bbox 248 1745 1401 1822; baseline -0.004 -13"><span class='ocrx_word' id='word_1_110' title='bbox 248 1767 296 1810; x_wconf 89' lang='lat' dir='ltr'>res</span> <span class='ocrx_word' id='word_1_111' title='bbox 324 1751 379 1809; x_wconf 88' lang='lat' dir='ltr'>lert</span> <span class='ocrx_word' id='word_1_112' title='bbox 405 1765 472 1807; x_wconf 92' lang='lat' dir='ltr'>cum</span> <span class='ocrx_word' id='word_1_113' title='bbox 498 1747 708 1807; x_wconf 89' lang='lat' dir='ltr'>assimilatione</span> <span class='ocrx_word' id='word_1_114' title='bbox 737 1749 861 1822; x_wconf 90' lang='lat' dir='ltr'>quadam</span> <span class='ocrx_word' id='word_1_115' title='bbox 896 1745 1051 1804; x_wconf 89' lang='lat' dir='ltr'>coniuncto</span> <span class='ocrx_word' id='word_1_116' title='bbox 1085 1763 1173 1820; x_wconf 90' lang='lat' dir='ltr'>quam</span> <span class='ocrx_word' id='word_1_117' title='bbox 1205 1754 1235 1804; x_wconf 88' lang='lat' dir='ltr'>ot</span> <span class='ocrx_word' id='word_1_118' title='bbox 1260 1745 1401 1804; x_wconf 84' lang='lat' dir='ltr'>Platonici</span> 
     </span>
     <span class='ocr_line' id='line_1_15' title="bbox 247 1846 1402 1922; baseline -0.005 -12"><span class='ocrx_word' id='word_1_119' title='bbox 247 1853 407 1912; x_wconf 88' lang='lat' dir='ltr'>ostendunt</span> <span class='ocrx_word' id='word_1_120' title='bbox 428 1849 558 1922; x_wconf 85' lang='lat' dir='ltr'>magistri</span> <span class='ocrx_word' id='word_1_121' title='bbox 581 1849 742 1909; x_wconf 88' lang='lat' dir='ltr'>doctrinam</span> <span class='ocrx_word' id='word_1_122' title='bbox 764 1850 801 1906; x_wconf 95' lang='lat' dir='ltr'>ad</span> <span class='ocrx_word' id='word_1_123' title='bbox 823 1847 1041 1922; x_wconf 88' lang='lat' dir='ltr'>peripateticam</span> <span class='ocrx_word' id='word_1_124' title='bbox 1069 1854 1197 1906; x_wconf 88' lang='lat' dir='ltr'>mentem</span> <span class='ocrx_word' id='word_1_125' title='bbox 1220 1846 1303 1921; x_wconf 92' lang='lat' dir='ltr'>quasi</span> <span class='ocrx_word' id='word_1_126' title='bbox 1325 1853 1402 1904; x_wconf 89' lang='lat' dir='ltr'>tem-</span> 
     </span>
     <span class='ocr_line' id='line_1_16' title="bbox 246 1947 1399 2026; baseline -0.003 -16"><span class='ocrx_word' id='word_1_127' title='bbox 246 1960 382 2026; x_wconf 90' lang='lat' dir='ltr'>perantes</span> <span class='ocrx_word' id='word_1_128' title='bbox 405 1967 464 2010; x_wconf 93' lang='lat' dir='ltr'>non</span> <span class='ocrx_word' id='word_1_129' title='bbox 488 1952 584 2009; x_wconf 92' lang='lat' dir='ltr'>solum</span> <span class='ocrx_word' id='word_1_130' title='bbox 607 1951 636 2009; x_wconf 92' lang='lat' dir='ltr'>in</span> <span class='ocrx_word' id='word_1_131' title='bbox 658 1951 762 2010; x_wconf 92' lang='lat' dir='ltr'>morali</span> <span class='ocrx_word' id='word_1_132' title='bbox 785 1949 917 2009; x_wconf 90' lang='lat' dir='ltr'>doctrina</span> <span class='ocrx_word' id='word_1_133' title='bbox 940 1949 991 2021; x_wconf 85' lang='lat' dir='ltr'>(ci.</span> <span class='ocrx_word' id='word_1_134' title='bbox 1017 1948 1139 2007; x_wconf 86' lang='lat' dir='ltr'>Crantor</span> <span class='ocrx_word' id='word_1_135' title='bbox 1160 1965 1206 2023; x_wconf 91' lang='lat' dir='ltr'>ap.</span> <span class='ocrx_word' id='word_1_136' title='bbox 1222 1947 1399 2008; x_wconf 87' lang='lat' dir='ltr'>PlutCons.</span> 
     </span>
     <span class='ocr_line' id='line_1_17' title="bbox 246 2047 1398 2126; baseline -0.003 -16"><span class='ocrx_word' id='word_1_137' title='bbox 246 2054 298 2126; x_wconf 89' lang='lat' dir='ltr'>Ap.</span> <span class='ocrx_word' id='word_1_138' title='bbox 316 2053 394 2125; x_wconf 77' lang='lat' dir='ltr'>asq.</span> <span class='ocrx_word' id='word_1_139' title='bbox 430 2052 487 2110; x_wconf 90' lang='lat' dir='ltr'>Cio.</span> <span class='ocrx_word' id='word_1_140' title='bbox 510 2049 642 2124; x_wconf 76' lang='grc'>10003,</span> <span class='ocrx_word' id='word_1_141' title='bbox 659 2050 687 2110; x_wconf 91' lang='grc'>6.</span> <span class='ocrx_word' id='word_1_142' title='bbox 725 2051 825 2109; x_wconf 89' lang='lat' dir='ltr'>Crates</span> <span class='ocrx_word' id='word_1_143' title='bbox 847 2067 893 2124; x_wconf 87' lang='lat' dir='ltr'>ap.</span> <span class='ocrx_word' id='word_1_144' title='bbox 916 2049 1019 2107; x_wconf 89' lang='lat' dir='ltr'>Jamhl.</span> <span class='ocrx_word' id='word_1_145' title='bbox 1044 2050 1125 2108; x_wconf 87' lang='lat' dir='ltr'>Stoh.</span> <span class='ocrx_word' id='word_1_146' title='bbox 1148 2050 1223 2107; x_wconf 86' lang='lat' dir='ltr'>llor.</span> <span class='ocrx_word' id='word_1_147' title='bbox 1241 2047 1270 2122; x_wconf 83' lang='lat'>5,</span> <span class='ocrx_word' id='word_1_148' title='bbox 1287 2047 1328 2108; x_wconf 88' lang='grc'>63</span> <span class='ocrx_word' id='word_1_149' title='bbox 1343 2057 1398 2108; x_wconf 88' lang='grc'>010.</span> 
     </span>
     <span class='ocr_line' id='line_1_18' title="bbox 245 2147 1399 2225; baseline -0.003 -14"><span class='ocrx_word' id='word_1_150' title='bbox 245 2161 375 2212; x_wconf 90' lang='lat' dir='ltr'>ceterum</span> <span class='ocrx_word' id='word_1_151' title='bbox 398 2154 434 2211; x_wconf 91' lang='lat' dir='ltr'>de</span> <span class='ocrx_word' id='word_1_152' title='bbox 457 2152 552 2211; x_wconf 91' lang='lat' dir='ltr'>ethica</span> <span class='ocrx_word' id='word_1_153' title='bbox 574 2151 661 2211; x_wconf 87' lang='lat' dir='ltr'>Acad.</span> <span class='ocrx_word' id='word_1_154' title='bbox 686 2151 720 2208; x_wconf 89' lang='lat' dir='ltr'>ci.</span> <span class='ocrx_word' id='word_1_155' title='bbox 746 2153 903 2210; x_wconf 75' lang='lat' dir='ltr'>stou-ilci.</span> <span class='ocrx_word' id='word_1_156' title='bbox 920 2153 953 2222; x_wconf 88' lang='lat' dir='ltr'>ll,</span> <span class='ocrx_word' id='word_1_157' title='bbox 970 2147 1012 2210; x_wconf 80' lang='lat'>38</span> <span class='ocrx_word' id='word_1_158' title='bbox 1023 2153 1104 2224; x_wconf 88' lang='lat' dir='ltr'>sqq.)</span> <span class='ocrx_word' id='word_1_159' title='bbox 1128 2153 1180 2210; x_wconf 90' lang='lat' dir='ltr'>sed</span> <span class='ocrx_word' id='word_1_160' title='bbox 1204 2153 1283 2225; x_wconf 90' lang='lat' dir='ltr'>quod</span> <span class='ocrx_word' id='word_1_161' title='bbox 1304 2150 1399 2208; x_wconf 86' lang='lat' dir='ltr'>thesis</span> 
     </span>
     <span class='ocr_line' id='line_1_19' title="bbox 244 2252 1399 2330; baseline -0.001 -18"><span class='ocrx_word' id='word_1_162' title='bbox 244 2256 290 2313; x_wconf 92' lang='lat' dir='ltr'>illa</span> <span class='ocrx_word' id='word_1_163' title='bbox 315 2257 401 2314; x_wconf 89' lang='lat' dir='ltr'>docet</span> <span class='ocrx_word' id='word_1_164' title='bbox 427 2254 515 2311; x_wconf 91' lang='lat' dir='ltr'>modo</span> <span class='ocrx_word' id='word_1_165' title='bbox 542 2259 702 2311; x_wconf 87' lang='lat' dir='ltr'>memorata</span> <span class='ocrx_word' id='word_1_166' title='bbox 729 2269 803 2326; x_wconf 92' lang='lat' dir='ltr'>qnae</span> <span class='ocrx_word' id='word_1_167' title='bbox 825 2255 927 2312; x_wconf 88' lang='lat' dir='ltr'>eadem</span> <span class='ocrx_word' id='word_1_168' title='bbox 955 2252 1023 2312; x_wconf 91' lang='lat' dir='ltr'>inde</span> <span class='ocrx_word' id='word_1_169' title='bbox 1046 2270 1063 2311; x_wconf 92' lang='lat' dir='ltr'>a</span> <span class='ocrx_word' id='word_1_170' title='bbox 1084 2254 1247 2312; x_wconf 86' lang='lat' dir='ltr'>Xenocrate</span> <span class='ocrx_word' id='word_1_171' title='bbox 1269 2253 1399 2330; x_wconf 87' lang='lat' dir='ltr'>Platonis</span> 
     </span>
     <span class='ocr_line' id='line_1_20' title="bbox 244 2351 1395 2429; baseline -0.003 -14"><span class='ocrx_word' id='word_1_172' title='bbox 244 2369 409 2415; x_wconf 91' lang='lat' dir='ltr'>sermonem</span> <span class='ocrx_word' id='word_1_173' title='bbox 443 2353 589 2428; x_wconf 85' lang='lat' dir='ltr'>poeticum</span> <span class='ocrx_word' id='word_1_174' title='bbox 622 2361 700 2411; x_wconf 91' lang='lat' dir='ltr'>recte</span> <span class='ocrx_word' id='word_1_175' title='bbox 734 2355 913 2429; x_wconf 86' lang='lat' dir='ltr'>intelligente</span> <span class='ocrx_word' id='word_1_176' title='bbox 946 2355 998 2427; x_wconf 87' lang='lat' dir='ltr'>(ci.</span> <span class='ocrx_word' id='word_1_177' title='bbox 1021 2354 1108 2414; x_wconf 87' lang='lat' dir='ltr'>Arist.</span> <span class='ocrx_word' id='word_1_178' title='bbox 1137 2351 1395 2427; x_wconf 88' lang='grc'>100001.1,11.</span> 
     </span>
     <span class='ocr_line' id='line_1_21' title="bbox 244 2455 1394 2532; baseline 0.002 -18"><span class='ocrx_word' id='word_1_179' title='bbox 244 2459 433 2531; x_wconf 89' lang='lat' dir='ltr'>Theophrast.</span> <span class='ocrx_word' id='word_1_180' title='bbox 468 2471 505 2512; x_wconf 92' lang='lat' dir='ltr'>ex</span> <span class='ocrx_word' id='word_1_181' title='bbox 531 2457 626 2513; x_wconf 86' lang='lat' dir='ltr'>Tauro</span> <span class='ocrx_word' id='word_1_182' title='bbox 659 2457 736 2514; x_wconf 90' lang='lat' dir='ltr'>citat.</span> <span class='ocrx_word' id='word_1_183' title='bbox 765 2472 810 2530; x_wconf 90' lang='lat' dir='ltr'>ap.</span> <span class='ocrx_word' id='word_1_184' title='bbox 839 2456 951 2530; x_wconf 91' lang='lat' dir='ltr'>Philop.</span> <span class='ocrx_word' id='word_1_185' title='bbox 981 2472 1006 2514; x_wconf 89' lang='lat' dir='ltr'>c.</span> <span class='ocrx_word' id='word_1_186' title='bbox 1035 2457 1128 2516; x_wconf 90' lang='lat' dir='ltr'>Procl.</span> <span class='ocrx_word' id='word_1_187' title='bbox 1153 2455 1182 2532; x_wconf 85' lang='grc'>6,</span> <span class='ocrx_word' id='word_1_188' title='bbox 1205 2455 1241 2532; x_wconf 85' lang='grc'>6;</span> <span class='ocrx_word' id='word_1_189' title='bbox 1265 2457 1320 2532; x_wconf 82' lang='grc'>21·;</span> <span class='ocrx_word' id='word_1_190' title='bbox 1344 2459 1394 2518; x_wconf 82' lang='lat'>27.</span> 
     </span>
     <span class='ocr_line' id='line_1_22' title="bbox 244 2549 1394 2636; baseline 0 -18"><span class='ocrx_word' id='word_1_191' title='bbox 244 2549 367 2618; x_wconf 87' lang='lat' dir='ltr'>Crantor</span> <span class='ocrx_word' id='word_1_192' title='bbox 388 2575 433 2632; x_wconf 90' lang='lat' dir='ltr'>ap.</span> <span class='ocrx_word' id='word_1_193' title='bbox 451 2557 544 2615; x_wconf 91' lang='lat' dir='ltr'>Procl.</span> <span class='ocrx_word' id='word_1_194' title='bbox 567 2555 773 2618; x_wconf 75' lang='grc'>10110650.</span> <span class='ocrx_word' id='word_1_195' title='bbox 798 2557 891 2616; x_wconf 90' lang='lat' dir='ltr'>Procl.</span> <span class='ocrx_word' id='word_1_196' title='bbox 908 2557 977 2615; x_wconf 92' lang='lat' dir='ltr'>ihid.</span> <span class='ocrx_word' id='word_1_197' title='bbox 995 2556 1090 2617; x_wconf 80' lang='grc'>1661).</span> <span class='ocrx_word' id='word_1_198' title='bbox 1114 2559 1188 2619; x_wconf 84' lang='grc' dir='ltr'>Ρ101.</span> <span class='ocrx_word' id='word_1_199' title='bbox 1205 2562 1241 2620; x_wconf 90' lang='grc'>10</span> <span class='ocrx_word' id='word_1_200' title='bbox 1253 2563 1394 2636; x_wconf 86' lang='lat' dir='ltr'>psychog.</span> 
     </span>
     <span class='ocr_line' id='line_1_23' title="bbox 241 2655 1396 2736; baseline 0.002 -18"><span class='ocrx_word' id='word_1_201' title='bbox 241 2657 351 2733; x_wconf 84' lang='lat' dir='ltr'>Tim3,</span> <span class='ocrx_word' id='word_1_202' title='bbox 375 2659 588 2718; x_wconf 84' lang='lat' dir='ltr'>cl.Tim.Locr.</span> <span class='ocrx_word' id='word_1_203' title='bbox 601 2655 674 2732; x_wconf 81' lang='grc'>940,</span> <span class='ocrx_word' id='word_1_204' title='bbox 698 2661 727 2718; x_wconf 88' lang='grc'>10</span> <span class='ocrx_word' id='word_1_205' title='bbox 746 2675 804 2733; x_wconf 91' lang='lat' dir='ltr'>quo</span> <span class='ocrx_word' id='word_1_206' title='bbox 815 2661 890 2718; x_wconf 87' lang='lat' dir='ltr'>libro</span> <span class='ocrx_word' id='word_1_207' title='bbox 914 2660 1291 2736; x_wconf 88' lang='lat' dir='ltr'>epitomatorisopcracum</span> <span class='ocrx_word' id='word_1_208' title='bbox 1304 2662 1396 2720; x_wconf 87' lang='lat' dir='ltr'>inter-</span> 
     </span>
     <span class='ocr_line' id='line_1_24' title="bbox 241 2760 1395 2837; baseline 0.002 -17"><span class='ocrx_word' id='word_1_209' title='bbox 241 2763 402 2837; x_wconf 89' lang='lat' dir='ltr'>pretatione</span> <span class='ocrx_word' id='word_1_210' title='bbox 430 2763 555 2835; x_wconf 90' lang='lat' dir='ltr'>quadam</span> <span class='ocrx_word' id='word_1_211' title='bbox 578 2761 734 2818; x_wconf 90' lang='lat' dir='ltr'>coniuncta</span> <span class='ocrx_word' id='word_1_212' title='bbox 756 2761 899 2833; x_wconf 87' lang='lat' dir='ltr'>cernitur)</span> <span class='ocrx_word' id='word_1_213' title='bbox 929 2760 1063 2834; x_wconf 88' lang='lat' dir='ltr'>plurimis</span> <span class='ocrx_word' id='word_1_214' title='bbox 1091 2777 1209 2836; x_wconf 89' lang='lat' dir='ltr'>quoque</span> <span class='ocrx_word' id='word_1_215' title='bbox 1236 2763 1395 2824; x_wconf 87' lang='lat' dir='ltr'>Platonicis</span> 
     </span>
     <span class='ocr_line' id='line_1_25' title="bbox 240 2859 1392 2939; baseline 0.002 -17"><span class='ocrx_word' id='word_1_216' title='bbox 240 2871 302 2922; x_wconf 88' lang='lat' dir='ltr'>erat</span> <span class='ocrx_word' id='word_1_217' title='bbox 324 2863 375 2936; x_wconf 86' lang='lat' dir='ltr'>(cl.</span> <span class='ocrx_word' id='word_1_218' title='bbox 399 2860 607 2920; x_wconf 78' lang='grc'>11010014.</span> <span class='ocrx_word' id='word_1_219' title='bbox 631 2861 735 2936; x_wconf 92' lang='lat' dir='ltr'>Appul.</span> <span class='ocrx_word' id='word_1_220' title='bbox 760 2863 787 2920; x_wconf 87' lang='lat' dir='ltr'>d.</span> <span class='ocrx_word' id='word_1_221' title='bbox 812 2863 839 2920; x_wconf 94' lang='lat' dir='ltr'>d.</span> <span class='ocrx_word' id='word_1_222' title='bbox 863 2859 996 2935; x_wconf 84' lang='grc' dir='ltr'>Ρ1.1,8.</span> <span class='ocrx_word' id='word_1_223' title='bbox 1020 2863 1113 2921; x_wconf 92' lang='lat' dir='ltr'>Procl.</span> <span class='ocrx_word' id='word_1_224' title='bbox 1138 2863 1339 2939; x_wconf 75' lang='grc'>1011090),</span> <span class='ocrx_word' id='word_1_225' title='bbox 1363 2867 1392 2924; x_wconf 92' lang='lat' dir='ltr'>in</span> 
     </span>
     <span class='ocr_line' id='line_1_26' title="bbox 240 2962 1391 3040; baseline 0.003 -16"><span class='ocrx_word' id='word_1_226' title='bbox 240 2965 370 3040; x_wconf 85' lang='lat' dir='ltr'>physicis</span> <span class='ocrx_word' id='word_1_227' title='bbox 393 2979 522 3037; x_wconf 89' lang='lat' dir='ltr'>quoque,</span> <span class='ocrx_word' id='word_1_228' title='bbox 547 2969 576 3022; x_wconf 88' lang='lat' dir='ltr'>et</span> <span class='ocrx_word' id='word_1_229' title='bbox 598 2964 758 3021; x_wconf 89' lang='lat' dir='ltr'>ostendunt</span> <span class='ocrx_word' id='word_1_230' title='bbox 780 2962 941 3036; x_wconf 83' lang='lat' dir='ltr'>fragmenta</span> <span class='ocrx_word' id='word_1_231' title='bbox 963 2965 1152 3039; x_wconf 85' lang='lat' dir='ltr'>Pythagorica</span> <span class='ocrx_word' id='word_1_232' title='bbox 1174 2967 1263 3025; x_wconf 91' lang='lat' dir='ltr'>multa</span> <span class='ocrx_word' id='word_1_233' title='bbox 1288 2970 1391 3027; x_wconf 89' lang='lat' dir='ltr'>eodem</span> 
     </span>
     <span class='ocr_line' id='line_1_27' title="bbox 240 3063 1391 3141; baseline 0.003 -17"><span class='ocrx_word' id='word_1_234' title='bbox 240 3065 440 3140; x_wconf 88' lang='lat' dir='ltr'>explicationis</span> <span class='ocrx_word' id='word_1_235' title='bbox 468 3071 498 3121; x_wconf 91' lang='lat' dir='ltr'>et</span> <span class='ocrx_word' id='word_1_236' title='bbox 525 3064 706 3122; x_wconf 85' lang='lat' dir='ltr'>detensionis</span> <span class='ocrx_word' id='word_1_237' title='bbox 738 3063 836 3122; x_wconf 90' lang='lat' dir='ltr'>studio</span> <span class='ocrx_word' id='word_1_238' title='bbox 863 3063 1046 3124; x_wconf 90' lang='lat' dir='ltr'>Aristotelica</span> <span class='ocrx_word' id='word_1_239' title='bbox 1073 3067 1253 3141; x_wconf 84' lang='lat' dir='ltr'>Pythagorae</span> <span class='ocrx_word' id='word_1_240' title='bbox 1285 3069 1313 3128; x_wconf 94' lang='lat' dir='ltr'>id</span> <span class='ocrx_word' id='word_1_241' title='bbox 1345 3078 1391 3128; x_wconf 88' lang='lat' dir='ltr'>est</span> 
     </span>
     <span class='ocr_line' id='line_1_28' title="bbox 237 3163 1391 3242; baseline 0.003 -17"><span class='ocrx_word' id='word_1_242' title='bbox 237 3165 349 3236; x_wconf 85' lang='lat' dir='ltr'>Platoni</span> <span class='ocrx_word' id='word_1_243' title='bbox 376 3165 540 3238; x_wconf 86' lang='lat' dir='ltr'>arrogantia</span> <span class='ocrx_word' id='word_1_244' title='bbox 568 3181 760 3239; x_wconf 88' lang='lat' dir='ltr'>summosque</span> <span class='ocrx_word' id='word_1_245' title='bbox 788 3163 980 3239; x_wconf 90' lang='lat' dir='ltr'>philosophos</span> <span class='ocrx_word' id='word_1_246' title='bbox 1009 3167 1093 3240; x_wconf 92' lang='lat' dir='ltr'>quasi</span> <span class='ocrx_word' id='word_1_247' title='bbox 1120 3168 1286 3242; x_wconf 78' lang='lat' dir='ltr'>miscenda,</span> <span class='ocrx_word' id='word_1_248' title='bbox 1315 3171 1391 3230; x_wconf 87' lang='lat' dir='ltr'>sicut</span> 
     </span>
     <span class='ocr_line' id='line_1_29' title="bbox 237 3267 1390 3344; baseline 0.006 -18"><span class='ocrx_word' id='word_1_249' title='bbox 237 3269 286 3344; x_wconf 91' lang='lat' dir='ltr'>qui</span> <span class='ocrx_word' id='word_1_250' title='bbox 319 3267 366 3324; x_wconf 90' lang='lat' dir='ltr'>his</span> <span class='ocrx_word' id='word_1_251' title='bbox 400 3275 428 3325; x_wconf 90' lang='lat' dir='ltr'>et</span> <span class='ocrx_word' id='word_1_252' title='bbox 461 3267 548 3325; x_wconf 89' lang='lat' dir='ltr'>rebus</span> <span class='ocrx_word' id='word_1_253' title='bbox 582 3281 777 3340; x_wconf 88' lang='lat' dir='ltr'>sermoneque</span> <span class='ocrx_word' id='word_1_254' title='bbox 810 3268 1027 3339; x_wconf 90' lang='lat' dir='ltr'>quodammodo</span> <span class='ocrx_word' id='word_1_255' title='bbox 1059 3275 1202 3342; x_wconf 87' lang='lat' dir='ltr'>cognatus</span> <span class='ocrx_word' id='word_1_256' title='bbox 1235 3279 1264 3330; x_wconf 89' lang='lat' dir='ltr'>et</span> <span class='ocrx_word' id='word_1_257' title='bbox 1296 3280 1390 3335; x_wconf 88' lang='lat' dir='ltr'>aetate</span> 
     </span>
     <span class='ocr_line' id='line_1_30' title="bbox 236 3368 1388 3444; baseline 0.003 -15"><span class='ocrx_word' id='word_1_258' title='bbox 236 3370 367 3444; x_wconf 91' lang='lat' dir='ltr'>aequalis</span> <span class='ocrx_word' id='word_1_259' title='bbox 393 3369 459 3426; x_wconf 90' lang='lat' dir='ltr'>lihri</span> <span class='ocrx_word' id='word_1_260' title='bbox 487 3370 524 3426; x_wconf 91' lang='lat' dir='ltr'>de</span> <span class='ocrx_word' id='word_1_261' title='bbox 551 3369 661 3426; x_wconf 91' lang='lat' dir='ltr'>mundo</span> <span class='ocrx_word' id='word_1_262' title='bbox 684 3368 722 3426; x_wconf 86' lang='lat' dir='ltr'>ad</span> <span class='ocrx_word' id='word_1_263' title='bbox 743 3368 940 3427; x_wconf 84' lang='lat' dir='ltr'>Alexandrum</span> <span class='ocrx_word' id='word_1_264' title='bbox 967 3376 1069 3428; x_wconf 90' lang='lat' dir='ltr'>auctor</span> <span class='ocrx_word' id='word_1_265' title='bbox 1094 3371 1301 3444; x_wconf 89' lang='lat' dir='ltr'>peripateticus</span> <span class='ocrx_word' id='word_1_266' title='bbox 1324 3373 1388 3432; x_wconf 89' lang='lat' dir='ltr'>Pla-</span> 
     </span>
     <span class='ocr_line' id='line_1_31' title="bbox 234 3465 1388 3554; baseline 0.007 -24"><span class='ocrx_word' id='word_1_267' title='bbox 234 3471 444 3531; x_wconf 51' lang='lat' dir='ltr'>tonem&#39;simul</span> <span class='ocrx_word' id='word_1_268' title='bbox 467 3479 496 3530; x_wconf 90' lang='lat' dir='ltr'>et</span> <span class='ocrx_word' id='word_1_269' title='bbox 519 3471 633 3530; x_wconf 90' lang='lat' dir='ltr'>Stoicos</span> <span class='ocrx_word' id='word_1_270' title='bbox 657 3471 885 3543; x_wconf 83' lang='lat' dir='ltr'>sapiensquam</span> <span class='ocrx_word' id='word_1_271' title='bbox 913 3471 970 3529; x_wconf 91' lang='lat' dir='ltr'>iam</span> <span class='ocrx_word' id='word_1_272' title='bbox 992 3471 1058 3530; x_wconf 87' lang='lat' dir='ltr'>libri</span> <span class='ocrx_word' id='word_1_273' title='bbox 1087 3465 1165 3554; x_wconf 80' lang='grc' dir='ltr'><strong><em>περὶ</em></strong></span> <span class='ocrx_word' id='word_1_274' title='bbox 1186 3467 1388 3550; x_wconf 75' lang='grc' dir='ltr'><strong><em>θαυμασίων</em></strong></span> 
     </span>
     <span class='ocr_line' id='line_1_32' title="bbox 233 3563 1387 3650; baseline 0.003 -16"><span class='ocrx_word' id='word_1_275' title='bbox 233 3563 451 3650; x_wconf 78' lang='grc' dir='ltr'><em>ἀκουσμάτων</em></span> <span class='ocrx_word' id='word_1_276' title='bbox 472 3573 610 3648; x_wconf 83' lang='lat' dir='ltr'>Antigoni</span> <span class='ocrx_word' id='word_1_277' title='bbox 626 3572 749 3648; x_wconf 77' lang='lat' dir='ltr'>Carystii</span> <span class='ocrx_word' id='word_1_278' title='bbox 771 3581 904 3646; x_wconf 90' lang='lat' dir='ltr'>tempore</span> <span class='ocrx_word' id='word_1_279' title='bbox 919 3579 997 3630; x_wconf 89' lang='lat' dir='ltr'>certe</span> <span class='ocrx_word' id='word_1_280' title='bbox 1012 3589 1070 3631; x_wconf 93' lang='lat' dir='ltr'>non</span> <span class='ocrx_word' id='word_1_281' title='bbox 1087 3576 1234 3634; x_wconf 91' lang='lat' dir='ltr'>recentior</span> <span class='ocrx_word' id='word_1_282' title='bbox 1248 3579 1387 3636; x_wconf 88' lang='lat' dir='ltr'>collector</span> 
     </span>
     <span class='ocr_line' id='line_1_33' title="bbox 233 3669 1385 3749; baseline 0.006 -17"><span class='ocrx_word' id='word_1_283' title='bbox 233 3675 378 3749; x_wconf 90' lang='lat' dir='ltr'>excerpsit</span> <span class='ocrx_word' id='word_1_284' title='bbox 411 3673 462 3746; x_wconf 87' lang='lat' dir='ltr'>(ci.</span> <span class='ocrx_word' id='word_1_285' title='bbox 490 3674 553 3730; x_wconf 84' lang='lat' dir='ltr'>thir.</span> <span class='ocrx_word' id='word_1_286' title='bbox 574 3671 636 3732; x_wconf 84' lang='lat'>155</span> <span class='ocrx_word' id='word_1_287' title='bbox 651 3695 686 3724; x_wconf 91' lang='lat'>=</span> <span class='ocrx_word' id='word_1_288' title='bbox 702 3675 738 3732; x_wconf 91' lang='lat' dir='ltr'>de</span> <span class='ocrx_word' id='word_1_289' title='bbox 750 3690 789 3731; x_wconf 91' lang='lat' dir='ltr'>m.</span> <span class='ocrx_word' id='word_1_290' title='bbox 806 3671 868 3732; x_wconf 78' lang='lat'>399</span> <span class='ocrx_word' id='word_1_291' title='bbox 881 3674 899 3730; x_wconf 90' lang='lat' dir='ltr'>h</span> <span class='ocrx_word' id='word_1_292' title='bbox 912 3669 953 3731; x_wconf 88' lang='lat'>33</span> <span class='ocrx_word' id='word_1_293' title='bbox 964 3673 1091 3747; x_wconf 78' lang='lat'><strong>-400,</strong></span> <span class='ocrx_word' id='word_1_294' title='bbox 1107 3672 1142 3747; x_wconf 85' lang='lat'>3;</span> <span class='ocrx_word' id='word_1_295' title='bbox 1165 3677 1239 3736; x_wconf 85' lang='lat' dir='ltr'>falsa</span> <span class='ocrx_word' id='word_1_296' title='bbox 1264 3681 1301 3737; x_wconf 93' lang='lat' dir='ltr'>de</span> <span class='ocrx_word' id='word_1_297' title='bbox 1328 3681 1385 3740; x_wconf 90' lang='lat' dir='ltr'>hoo</span> 
     </span>
     <span class='ocr_line' id='line_1_34' title="bbox 230 3771 1384 3852; baseline 0.006 -19"><span class='ocrx_word' id='word_1_298' title='bbox 230 3775 305 3852; x_wconf 88' lang='lat' dir='ltr'>lihro</span> <span class='ocrx_word' id='word_1_299' title='bbox 329 3773 432 3832; x_wconf 89' lang='lat' dir='ltr'>Zelleri</span> <span class='ocrx_word' id='word_1_300' title='bbox 456 3773 554 3846; x_wconf 92' lang='lat' dir='ltr'>opinio</span> <span class='ocrx_word' id='word_1_301' title='bbox 578 3781 623 3832; x_wconf 91' lang='lat' dir='ltr'>cst</span> <span class='ocrx_word' id='word_1_302' title='bbox 645 3775 696 3833; x_wconf 89' lang='lat' dir='ltr'>Ph.</span> <span class='ocrx_word' id='word_1_303' title='bbox 720 3776 757 3834; x_wconf 91' lang='lat' dir='ltr'>de</span> <span class='ocrx_word' id='word_1_304' title='bbox 780 3775 828 3834; x_wconf 90' lang='lat' dir='ltr'>Gr.</span> <span class='ocrx_word' id='word_1_305' title='bbox 845 3776 890 3846; x_wconf 90' lang='lat' dir='ltr'>lll,</span> <span class='ocrx_word' id='word_1_306' title='bbox 906 3771 993 3847; x_wconf 87' lang='grc'>356).</span> <span class='ocrx_word' id='word_1_307' title='bbox 1028 3776 1116 3836; x_wconf 89' lang='grc' dir='ltr'>.Ηο00</span> <span class='ocrx_word' id='word_1_308' title='bbox 1141 3778 1230 3852; x_wconf 88' lang='lat' dir='ltr'>igitur</span> <span class='ocrx_word' id='word_1_309' title='bbox 1251 3779 1309 3838; x_wconf 91' lang='lat' dir='ltr'>iarn</span> <span class='ocrx_word' id='word_1_310' title='bbox 1331 3797 1384 3840; x_wconf 88' lang='lat' dir='ltr'>an·</span> 
     </span>
     <span class='ocr_line' id='line_1_35' title="bbox 229 3874 1383 3950; baseline 0.005 -15"><span class='ocrx_word' id='word_1_311' title='bbox 229 3875 396 3950; x_wconf 75' lang='grc' dir='ltr'>11001001οο</span> <span class='ocrx_word' id='word_1_312' title='bbox 419 3874 537 3934; x_wconf 87' lang='lat' dir='ltr'>scholae</span> <span class='ocrx_word' id='word_1_313' title='bbox 558 3876 723 3935; x_wconf 87' lang='lat' dir='ltr'>Platonicae</span> <span class='ocrx_word' id='word_1_314' title='bbox 744 3885 877 3950; x_wconf 89' lang='lat' dir='ltr'>tempore</span> <span class='ocrx_word' id='word_1_315' title='bbox 898 3876 1021 3950; x_wconf 84' lang='lat' dir='ltr'>vestigia</span> <span class='ocrx_word' id='word_1_316' title='bbox 1042 3878 1122 3937; x_wconf 87' lang='lat' dir='ltr'>illius</span> <span class='ocrx_word' id='word_1_317' title='bbox 1143 3879 1266 3939; x_wconf 85' lang='lat' dir='ltr'>rationis</span> <span class='ocrx_word' id='word_1_318' title='bbox 1282 3889 1383 3941; x_wconf 90' lang='lat' dir='ltr'>osten-</span> 
     </span>
     <span class='ocr_line' id='line_1_36' title="bbox 227 3977 1379 4052; baseline 0.006 -17"><span class='ocrx_word' id='word_1_319' title='bbox 227 3978 300 4035; x_wconf 92' lang='lat' dir='ltr'>dunt</span> <span class='ocrx_word' id='word_1_320' title='bbox 323 3992 398 4050; x_wconf 92' lang='lat' dir='ltr'>quae</span> <span class='ocrx_word' id='word_1_321' title='bbox 425 3977 519 4050; x_wconf 90' lang='lat' dir='ltr'>primo</span> <span class='ocrx_word' id='word_1_322' title='bbox 542 3985 608 4036; x_wconf 90' lang='lat' dir='ltr'>ante</span> <span class='ocrx_word' id='word_1_323' title='bbox 633 3978 698 4036; x_wconf 91' lang='lat' dir='ltr'>Chr.</span> <span class='ocrx_word' id='word_1_324' title='bbox 728 3979 828 4036; x_wconf 88' lang='lat' dir='ltr'>seculo</span> <span class='ocrx_word' id='word_1_325' title='bbox 856 3985 1007 4052; x_wconf 80' lang='lat' dir='ltr'>vergente</span> <span class='ocrx_word' id='word_1_326' title='bbox 1021 3995 1058 4040; x_wconf 87' lang='lat' dir='ltr'>ex</span> <span class='ocrx_word' id='word_1_327' title='bbox 1083 3980 1222 4039; x_wconf 91' lang='lat' dir='ltr'>resumtis</span> <span class='ocrx_word' id='word_1_328' title='bbox 1248 3989 1379 4042; x_wconf 90' lang='lat' dir='ltr'>veterum</span> 
     </span>
     <span class='ocr_line' id='line_1_37' title="bbox 226 4077 1380 4166; baseline 0.005 -31"><span class='ocrx_word' id='word_1_329' title='bbox 226 4077 469 4152; x_wconf 90' lang='lat' dir='ltr'>philosophorum</span> <span class='ocrx_word' id='word_1_330' title='bbox 492 4081 597 4166; x_wconf 86' lang='lat' dir='ltr'>studiis</span> <span class='ocrx_word' id='word_1_331' title='bbox 619 4081 749 4154; x_wconf 89' lang='lat' dir='ltr'>proiecta</span> <span class='ocrx_word' id='word_1_332' title='bbox 768 4086 923 4154; x_wconf 89' lang='lat' dir='ltr'>postquam</span> <span class='ocrx_word' id='word_1_333' title='bbox 937 4081 1052 4154; x_wconf 87' lang='lat' dir='ltr'>priores</span> <span class='ocrx_word' id='word_1_334' title='bbox 1068 4080 1294 4156; x_wconf 76' lang='lat' dir='ltr'>suam‘quisquc</span> <span class='ocrx_word' id='word_1_335' title='bbox 1310 4098 1380 4142; x_wconf 89' lang='lat' dir='ltr'>sen-</span> 
     </span>
     <span class='ocr_line' id='line_1_38' title="bbox 223 4179 1376 4257; baseline 0.007 -22"><span class='ocrx_word' id='word_1_336' title='bbox 223 4179 344 4239; x_wconf 84' lang='lat' dir='ltr'>tentiam</span> <span class='ocrx_word' id='word_1_337' title='bbox 360 4180 517 4240; x_wconf 82' lang='lat' dir='ltr'>defendere</span> <span class='ocrx_word' id='word_1_338' title='bbox 535 4183 606 4240; x_wconf 90' lang='lat' dir='ltr'>satis</span> <span class='ocrx_word' id='word_1_339' title='bbox 624 4181 764 4240; x_wconf 90' lang='lat' dir='ltr'>hahentes</span> <span class='ocrx_word' id='word_1_340' title='bbox 781 4182 818 4239; x_wconf 90' lang='lat' dir='ltr'>oh</span> <span class='ocrx_word' id='word_1_341' title='bbox 833 4181 950 4241; x_wconf 91' lang='lat' dir='ltr'>illorum</span> <span class='ocrx_word' id='word_1_342' title='bbox 966 4182 1173 4257; x_wconf 88' lang='lat' dir='ltr'>negligentiam</span> <span class='ocrx_word' id='word_1_343' title='bbox 1189 4200 1225 4243; x_wconf 88' lang='lat' dir='ltr'>ex</span> <span class='ocrx_word' id='word_1_344' title='bbox 1238 4183 1376 4243; x_wconf 88' lang='lat' dir='ltr'>dissensu</span> 
     </span>
     <span class='ocr_line' id='line_1_39' title="bbox 223 4281 1375 4358; baseline 0.007 -20"><span class='ocrx_word' id='word_1_345' title='bbox 223 4281 357 4341; x_wconf 90' lang='lat' dir='ltr'>abierunt</span> <span class='ocrx_word' id='word_1_346' title='bbox 366 4283 397 4342; x_wconf 94' lang='lat' dir='ltr'>in</span> <span class='ocrx_word' id='word_1_347' title='bbox 407 4290 586 4342; x_wconf 89' lang='lat' dir='ltr'>contemtum</span> <span class='ocrx_word' id='word_1_348' title='bbox 598 4283 744 4356; x_wconf 90' lang='lat' dir='ltr'>quendam</span> <span class='ocrx_word' id='word_1_349' title='bbox 760 4283 962 4358; x_wconf 89' lang='lat' dir='ltr'>philosophiae</span> <span class='ocrx_word' id='word_1_350' title='bbox 975 4283 1146 4357; x_wconf 85' lang='lat' dir='ltr'>scepticum,</span> <span class='ocrx_word' id='word_1_351' title='bbox 1162 4299 1241 4344; x_wconf 91' lang='lat' dir='ltr'>nune</span> <span class='ocrx_word' id='word_1_352' title='bbox 1256 4287 1375 4346; x_wconf 88' lang='lat' dir='ltr'>demum</span> 
     </span>
     <span class='ocr_line' id='line_1_40' title="bbox 221 4382 1375 4457; baseline 0.007 -17"><span class='ocrx_word' id='word_1_353' title='bbox 221 4382 463 4457; x_wconf 89' lang='lat' dir='ltr'>philosophorum</span> <span class='ocrx_word' id='word_1_354' title='bbox 490 4384 521 4441; x_wconf 95' lang='lat' dir='ltr'>in</span> <span class='ocrx_word' id='word_1_355' title='bbox 549 4383 623 4456; x_wconf 91' lang='lat' dir='ltr'>ipsis</span> <span class='ocrx_word' id='word_1_356' title='bbox 650 4385 739 4444; x_wconf 89' lang='lat' dir='ltr'>rehus</span> <span class='ocrx_word' id='word_1_357' title='bbox 766 4385 924 4444; x_wconf 87' lang='lat' dir='ltr'>eoncordia</span> <span class='ocrx_word' id='word_1_358' title='bbox 950 4391 978 4442; x_wconf 90' lang='lat' dir='ltr'>et</span> <span class='ocrx_word' id='word_1_359' title='bbox 1000 4384 1143 4444; x_wconf 88' lang='lat' dir='ltr'>intellecta</span> <span class='ocrx_word' id='word_1_360' title='bbox 1173 4395 1201 4445; x_wconf 91' lang='lat' dir='ltr'>et</span> <span class='ocrx_word' id='word_1_361' title='bbox 1224 4389 1375 4448; x_wconf 87' lang='lat' dir='ltr'>enuntiata</span> 
     </span>
    </p>
   </div>
   <div class='ocr_carea' id='block_1_3' title="bbox 0 0 1540 5162">
    <p class='ocr_par' dir='ltr' id='par_1_3' title="bbox 0 0 1540 5162">
     <span class='ocr_line' id='line_1_41' title="bbox 0 0 1540 5162; baseline 0 0"><span class='ocrx_word' id='word_1_362' title='bbox 0 0 1540 5162; x_wconf 95' lang='lat' dir='ltr'> </span> 
     </span>
    </p>
   </div>
  </div>
 </body>
</html>
