3036 5164
779 301 842 366 120

235 489 263 550 p.
281 471 367 535 taen
383 469 434 546 to,
458 475 506 534 unt
530 476 603 534 mate
627 476 753 550 pnetcn
775 491 801 530 v.
824 474 842 530 t.
867 467 900 536 ει
923 459 1041 547 ἀλλοις
1063 473 1156 532 uate
1169 473 1204 544 n,
1216 469 1307 542 531),
1334 475 1398 528 arte

236 577 300 636 sen.
329 577 480 636 alaeam
511 571 1016 651 (aop.11-v11.at.u.n.5‚ae
1050 569 1136 657 πρὸς
1161 567 1222 653 μὲν
1249 559 1310 633 οὖν
1337 563 1399 652 τήν
1488 570 1489 597 ¹

238 667 368 760 είίρεσιν
399 667 441 739 τοί
473 696 509 737 τε
540 673 664 740 τοπικδ
698 671 754 740 καί
785 672 956 755 μεθοδικδ
989 673 1165 759 παρέδωκε
1197 663 1400 758 προτάσεων

238 775 400 862 πλῆθος),
424 780 471 840 cni
494 779 630 841 adiuncta
655 788 700 840 est
722 771 920 863 πειραστική
943 782 1028 855 (Τορ.
1041 782 1110 840 Vlll.
1124 775 1197 851 πῶς
1209 773 1261 839 δεῖ
1270 769 1403 854 δρωτᾶν

237 878 314 954 8,1.
338 883 374 942 cl.
391 878 478 942 1831)
495 879 546 953 10,
577 885 613 942 de
642 882 827 942 inveniendis
850 883 1030 958 syllogismis
1063 872 1098 943 ἐκ
1123 877 1189 940 τῶν
1211 869 1404 940 δοκούντων

239 980 286 1065 τῷ
313 972 566 1066 ἀποκρινομένῳ
590 981 678 1044 1835
694 981 723 1043 5.
747 985 783 1042 cl.
803 1001 830 1041 v.
847 983 876 1042 2.
893 981 965 1056 tte,
981 979 1032 1044 34.
1056 983 1092 1040 ci.
1108 1000 1134 1040 v.
1152 979 1194 1042 18
1221 987 1249 1038 et
1275 977 1403 1037 omnino

241 1084 367 1144 maxime
381 1083 412 1159 8,
429 1083 457 1147 5.
482 1086 518 1144 oi.
541 1087 665 1145 Brandis
680 1083 753 1158 255,
776 1085 844 1145 licet
865 1086 944 1146 idem
966 1101 1045 1144 nnnc
1068 1086 1151 1144 aliter
1171 1083 1258 1142 Arist.
1277 1079 1307 1152 1,
1321 1075 1403 1149 3453

242 1202 318 1260 quae
353 1195 423 1246 sunt
453 1178 499 1269 μὴ
529 1175 657 1268 ἀγῶνος
681 1176 776 1268 χάριν
799 1220 839 1229 -κ
862 1177 949 1250 ἀλλὰ
981 1179 1163 1268 γυμνασίας
1195 1177 1253 1246 καί
1278 1173 1406 1264 πείρας

243 1281 336 1350 ἕνεκα
359 1297 391 1347 ut
412 1297 468 1348 cet
491 1289 641 1350 dialectica
663 1291 733 1364 Top.
750 1287 780 1361 8,
797 1287 826 1350 5.
843 1288 910 1362 11),
938 1297 967 1349 et
995 1291 1085 1348 altera
1112 1305 1187 1363 qliae
1210 1302 1290 1346 nouo
1314 1282 1405 1356 Topi-

243 1405 345 1448 corum
367 1391 443 1450 libro
466 1390 650 1464 (Gumposch
673 1409 701 1465 p.
719 1390 779 1454 101
793 1407 837 1466 sq.
861 1392 952 1451 Waltz
968 1393 1001 1463 ll,
1018 1388 1081 1451 528
1093 1393 1154 1466 sq.)
1170 1389 1343 1448 continetur
1357 1399 1406 1443 ars

244 1490 406 1564 sophistica
432 1485 509 1573 περί
535 1489 600 1552 τῶν
628 1483 851 1574 ἀγωνιστικῶν
879 1489 935 1555 καί
962 1483 1133 1576 ἐριστικῶν
1160 1485 1405 1570 συλλογισμῶν,

244 1591 280 1650 ci.
298 1591 329 1648 l).
346 1593 378 1650 L.
395 1593 413 1650 l.
431 1610 455 1652 c.
479 1587 566 1676 πρὸς
587 1589 626 1658 δέ
647 1588 707 1678 τήν
725 1593 842 1678 χρῆσιν
862 1586 904 1656 τοί
926 1615 962 1658 τε
978 1585 1180 1674 ἀγωνιστικὰ
1195 1585 1252 1652 καί
1266 1583 1308 1652 τὰ
1326 1581 1408 1670 περὶ

244 1681 435 1776 ἐρωτήσεως
457 1698 509 1770 (cl.
526 1695 598 1770 159,
614 1695 666 1770 30,
689 1715 731 1758 sc.
755 1701 791 1759 de
814 1699 1043 1774 interrogatione
1066 1695 1236 1772 sophistica,
1259 1708 1321 1751 non
1341 1691 1404 1749 dia·

225 1794 365 1868 lectica)
392 1787 540 1879 έριστικιί
562 1817 598 1860 τε
620 1793 677 1860 καί
698 1798 904 1886 σοφιστικῶν
930 1795 1071 1882 ἐλέγχων
1091 1817 1127 1859 τε
1149 1791 1205 1860 καί
1227 1789 1407 1874 συλλογισ-

245 1891 319 1972 μῶν
346 1893 493 1960 καὶτῶν
522 1891 648 1978 ὁμοίων
674 1893 817 1976 τούτοις.
862 1904 970 1977 Topica
996 1917 1066 1960 vero
1094 1915 1184 1974 quum
1207 1897 1325 1956 tradant
1347 1884 1407 1975 τήν

248 1993 458 2083 διαλεκτικὴν
482 1997 665 2080 μέθοδον
689 2002 756 2065 τῶν
781 2000 1053 2088 συλλογισμῶν)
1076 2018 1102 2061 e.
1125 1997 1346 2074 indagationem
1372 2009 1406 2052 ex

247 2099 321 2158 locis
355 2103 485 2162 collectis
513 2135 555 2146 -
577 2095 699 2179 τόποις
719 2141 761 2154 -
790 2109 893 2167 laetam
926 2107 979 2180 (cl.
1002 2106 1086 2165 llhet.
1108 2097 1202 2173 1358,
1221 2100 1251 2158 4.
1273 2095 1309 2172 5)
1344 2097 1406 2154 siae

248 2201 520 2278 locosmodosqne
546 2207 655 2280 quibus
681 2202 871 2284 μετιτέον
894 2206 1069 2282 (128510)
1097 2205 1134 2264 ad
1161 2199 1258 2262 omnia
1287 2199 1407 2275 prohle·

251 2307 380 2360 mata-
403 2311 449 2364 est
464 2307 540 2366 enim
564 2297 584 2390 ἦ
608 2299 777 2390 πρόθεσὶς
796 2308 856 2394 τῆς
877 2299 1106 2394 πραγματείας
1126 2298 1280 2383 μέθοδον
1301 2289 1408 2382 εὑρεῖν

251 2391 309 2486 ἀφ’
340 2387 379 2486 ἧς
406 2397 624 2488 δυνησόμεθα
650 2402 911 2493 συλλογίζεσθαι
939 2407 1017 2492 περί
1046 2401 1174 2482 παντὸς
1198 2401 1258 2466 τοῦ
1284 2417 1406 2483 προτε-

252 2499 374 2579 canoa
396 2499 634 2592 προβλήματος
655 2506 693 2587 έξ
712 2504 855 2588 ἐνδόξων
875 2515 894 2575 i.
912 2531 937 2574 e.
961 2531 998 2574 ex
1020 2511 1174 2575 sententiis
1195 2505 1369 2581 vulgaribus
1381 2507 1408 2560 et

253 2607 408 2668 exotericis
430 2611 481 2683 (ol.
503 2612 585 2672 Anat.
601 2613 653 2686 46,
670 2614 726 2688 29)
757 2617 786 2675 in
812 2623 1036 2691 praeceptorum
1061 2614 1160 2690 potius
1188 2605 1407 2669 dialecticorum

254 2708 457 2770 collectionem
490 2730 578 2786 qnam
611 2717 754 2776 theoriam
787 2719 849 2778 sive
876 2726 909 2777 ut
938 2719 1014 2777 solet
1039 2718 1147 2776 iustam
1180 2697 1409 2794 πραγματείαν

253 2808 487 2885 philosophicam
514 2815 611 2876 dicere
636 2812 788 2896 μέθοδον
810 2849 862 2892 —,
891 2820 993 2879 eadem
1021 2817 1114 2876 tuisse
1140 2821 1220 2890 patet
1245 2808 1356 2885 Topica
1382 2812 1408 2863 et

256 2923 331 2983 quae
354 2915 447 2972 semel
470 2915 539 2976 dicit
559 2919 647 2978 Arist.
672 2921 770 2992 (Rhct.
788 2919 817 2993 1,
834 2921 869 2995 2)
890 2919 1068 2990 methodica,
1098 2933 1173 2992 qnae
1201 2923 1266 2974 octo
1293 2917 1324 2970 et
1347 2911 1408 2984 ipsa

257 3011 340 3070 lihris
362 3019 575 3090 comprehensa
597 3028 733 3080 recenset
755 3023 805 3096 qni
827 3022 935 3096 Topica
961 3003 1082 3080 omnino
1103 3013 1300 3093 praetermisit
1322 3011 1409 3071 index

258 3111 397 3186 Diogenis
408 3116 524 3176 Laertii.
558 3121 688 3180 Eandem
706 3123 784 3182 enim
797 3124 833 3181 de
845 3122 1006 3198 syllogismi
1019 3129 1048 3181 et
1059 3117 1237 3179 inductionis
1250 3115 1367 3188 duplice
1381 3110 1409 3167 in

259 3211 409 3273 dialectica
430 3220 569 3279 methodo
592 3237 699 3295 genere
722 3225 906 3298 sententiam,
930 3225 1009 3299 quod
1031 3223 1109 3281 idem
1132 3218 1289 3279 discrimen
1304 3215 1336 3273 in
1348 3214 1411 3272 rhe-

258 3314 350 3373 torico
378 3317 465 3376 etiam
492 3329 665 3394 argumento
688 3306 803 3399 (1358,
820 3323 855 3399 5)
889 3326 1022 3387 ohtinere
1050 3324 1104 3397 ait,
1137 3335 1217 3380 nune
1242 3319 1272 3377 in
1298 3313 1411 3390 Topicis

260 3412 385 3488 (13561)
403 3417 458 3494 12)
484 3437 563 3482 nunc
589 3424 619 3482 in
643 3425 816 3487 Methodicis
844 3429 912 3488 citat
936 3427 1019 3502 prius
1042 3426 1212 3500 explicatam
1235 3423 1321 3494 (Tap.
1339 3416 1368 3490 1,
1383 3414 1410 3472 ‹l-

261 3519 297 3576 cl.
320 3520 402 3580 daal.
426 3532 502 3598 post.
523 3522 613 3597 1,1).
665 3527 705 3585 lle
732 3529 890 3606 Analyaicis
924 3529 975 3601 (ct.
999 3529 1066 3588 sch.
1090 3525 1137 3584 Ar.
1154 3523 1205 3595 25,
1222 3521 1251 3583 6.
1268 3519 1342 3594 143,
1357 3513 1410 3590 45)

262 3619 336 3679 lalso
360 3622 496 3695 cog'tavit
518 3627 685 3700 Gumposch
701 3648 729 3704 p.
744 3629 821 3690 124¹:
844 3607 994 3705 Ahatytica
1010 3629 1088 3688 enim
1105 3642 1165 3686 non
1183 3622 1410 3686 docentmetho·

263 3722 317 3780 dos
340 3739 414 3796 qaas
437 3727 785 3808 appellavitdristotelea‚
809 3735 863 3793 sed
885 3733 949 3793 eius
966 3747 1054 3807 qaam
1076 3745 1133 3789 nos
1146 3728 1272 3788 dicimus
1283 3717 1410 3784 methodi

263 3830 410 3882 naturam:
445 3829 509 3886 sola
530 3829 619 3902 igitur
641 3833 746 3906 Topica
774 3843 839 3909 apte
862 3835 897 3892 ab
919 3832 1074 3891 Aristotele
1098 3830 1154 3889 dici
1176 3835 1335 3904 potuerunt
1355 3825 1411 3884 hle-

264 3927 390 3986 thodica.
436 3929 521 3998 Quod
537 3935 640 4004 'quum
667 3935 693 3994 is
721 3951 840 4010 quoquo
863 3941 964 3994 auctor
986 3949 1074 4008 quern
1097 3929 1236 3990 exscribit
1258 3931 1289 3989 ll.
1305 3931 1339 3988 t.
1354 3930 1373 3987 l.
1389 3940 1411 3982 c.

265 4027 450 4102 intellexerit,
473 4031 592 4092 luerunt
612 4041 709 4094 tamen
733 4038 783 4111 qui
805 4037 845 4097 ite
866 4035 1032 4096 Aristotelis
1060 4034 1159 4092 locum
1186 4032 1365 4106 explicarent
1386 4031 1414 4084 ut

265 4129 444 4204 singularem
466 4136 612 4206 quendam
636 4139 863 4200 liethodicorum
886 4137 994 4198 librum
1008 4137 1077 4194 licet
1091 4135 1164 4209 ipsis
1179 4134 1312 4210 ignotum
1328 4126 1413 4206 signi-

265 4231 403 4304 ficaverit,
427 4241 459 4292 ut
481 4235 639 4314 Dionysius
662 4241 761 4313 (llhet.
774 4258 802 4315 p.
820 4239 883 4302 730
895 4257 939 4315 sq.
963 4247 993 4298 et
1014 4236 1237 4297 iomasseatiam
1250 4233 1413 4311 Simplicius

266 4334 295 4392 in
319 4336 379 4394 Cat.
395 4338 462 4400 475
478 4337 529 4412 41,
563 4355 622 4400 σου
656 4349 753 4402 umen
781 4351 813 4402 ut
840 4342 927 4401 credo
956 4355 1044 4413 quem
1070 4337 1209 4399 exscribit
1230 4335 1412 4411 Porphyrius,
