3072 5164
816 355 856 418 66

266 530 422 606 Aristotele
446 537 582 602 excerpto
605 534 634 588 et
656 533 810 588 retractato
833 527 1060 601 monogrophies
1088 525 1275 584 continerent
1297 523 1424 596 discipu-

268 635 364 692 lorum
391 647 488 701 more,
522 630 606 690 cinus
634 627 676 688 rei
705 630 838 702 exempla
865 631 956 687 hahes
983 636 1098 702 prester
1124 627 1225 687 titulos
1252 641 1269 684 e
1296 625 1423 699 Diogene

270 733 373 796 ditatos
403 732 546 792 Stratonis
576 730 648 790 illud
675 721 839 810 περὶτοῦ
867 723 1031 810 προτέρου
1060 723 1117 794 καὶ
1138 719 1278 810 ὑστέρου
1307 727 1336 784 in
1365 742 1423 799 qno
1506 788 1507 791 ,

270 826 418 906 πολλοὺς
450 821 714 914 ἅπηριθμήσατο
747 821 893 911 τρόπους
925 831 1042 904 (simpl.
1070 831 1100 890 in
1124 830 1183 890 Get.
1209 829 1350 902 Senem
1374 827 1424 889 13.

269 932 403 1007 8336),
427 933 617 1008 Theophrasti
640 927 718 1012 περὶ
740 922 961 1014 καταφάσεως
983 926 1039 992 καὶ
1061 921 1269 1014 ἀποφάσεως
1290 933 1371 990 Alex.
1395 932 1424 989 in

274 1039 344 1108 Top.
358 1033 446 1094 2775
458 1033 508 1097 36.
533 1037 586 1094 An.
599 1051 642 1107 pr.
656 1033 743 1092 1445
755 1032 806 1094 32.
830 1035 862 1092 D.
875 1035 906 1092 L.
920 1029 951 1105 5,
962 1033 1004 1092 44
1027 1040 1056 1090 el
1078 1027 1155 1113 περὶ
1170 1031 1236 1092 τῶν
1250 1029 1425 1109 πολλαχῶς

273 1136 324 1211 qui
346 1137 421 1194 liher
443 1137 612 1194 dialecticus
636 1136 686 1209 (ci.
712 1135 758 1194 dr.
782 1137 852 1208 Top.
866 1131 895 1206 l,
908 1123 955 1194 15
972 1143 1001 1194 ei
1017 1135 1195 1208 Cetegories,
1219 1135 1298 1192 Alex.
1311 1135 1341 1193 in
1354 1136 1424 1208 Top.
1518 1129 1519 1202 l

274 1237 346 1310 261,
363 1237 421 1309 22)
455 1236 485 1296 in
515 1236 612 1296 indice
639 1236 778 1310 Diogenis
808 1236 884 1294 inter
910 1237 1127 1310 Theophrastee
1159 1253 1218 1294 non
1246 1245 1426 1296 memoratus
1518 1209 1519 1256 λ

274 1340 353 1398 idem
375 1319 579 1398 videturesse
601 1354 668 1396 cum
691 1354 726 1395 eo
750 1354 837 1410 quern
860 1338 1008 1396 Aristoteli
1032 1341 1080 1398 det
1102 1339 1150 1396 ille
1174 1336 1218 1414 (5,
1235 1335 1292 1409 23)
1322 1340 1426 1396 codem

274 1447 308 1498 ut
333 1441 407 1498 alter
434 1439 537 1496 titulus
565 1439 651 1496 dccet
679 1437 709 1495 in
741 1448 913 1512 argumento
944 1449 1110 1498 versantem
1140 1431 1236 1520 (περὶ
1255 1435 1321 1501 τῶν
1342 1433 1427 1499 κατὰ

270 1530 464 1622 πρόσθεσιν
485 1532 669 1620 λεγομένων
691 1540 709 1597 i.
732 1556 758 1598 e.
782 1533 838 1600 καὶ
857 1535 903 1622 μή
928 1529 1060 1615 ἁπλῶς,
1083 1540 1140 1600 nisi
1164 1541 1261 1613 petius
1285 1548 1330 1598 est
1350 1535 1429 1618 περὶ

275 1638 340 1701 τῶν
368 1635 452 1701 κατὰ
480 1631 732 1723 πρόσθεσιν-
759 1643 794 1700 ei.
819 1643 947 1703 Walther
976 1642 1079 1715 Bnrley
1096 1642 1144 1699 de
1170 1641 1218 1700 rit.
1242 1643 1312 1714 phil.
1337 1659 1361 1701 o.
1387 1642 1427 1703 53

274 1745 334 1816 „de
363 1743 420 1800 hiis
452 1759 527 1815 pune
558 1743 759 1817 multipliciter
795 1744 932 1804 dicuntur
962 1745 1007 1802 vel
1040 1745 1236 1802 secundnm
1271 1746 1428 1805 edditio-
1518 1753 1519 1768 ³

276 1845 372 1904 nem''
394 1877 435 1886 -
456 1839 634 1922 πολλαχῶς
655 1838 840 1925 λεγομένων
854 1841 911 1906 καλ
930 1838 975 1926 μή
998 1834 1076 1904 καθ’
1101 1835 1292 1923 ὁμωνυμίαν
1307 1848 1343 1904 ci.
1356 1849 1427 1920 Top.

276 1945 306 2016 2,
318 1943 347 2004 3.
363 1943 452 2004 1105.
462 1944 502 2005 16
515 1963 579 2020 sqq.
593 1947 623 2018 2,
636 1945 676 2008 11
700 1949 736 2004 de
757 1947 865 2018 quihus
888 1947 1138 2019 Theophrasteum
1161 1963 1279 2020 quoqne
1295 1948 1428 2008 lihcllnm

278 2049 374 2121 egisse
397 2047 552 2105 Alexandri
580 2049 732 2108 citationes
759 2051 865 2107 docere
894 2048 1031 2108 videntur
1053 2049 1119 2106 Sch.
1133 2047 1283 2108 266514.
1300 2047 1373 2122 284,
1387 2052 1429 2110 28

277 2150 314 2206 ed
330 2151 399 2222 l'op.
415 2146 500 2208 1105
518 2145 569 2207 28.
583 2148 655 2224 130,
667 2149 703 2224 8)
732 2156 760 2208 et
782 2166 800 2207 a
825 2151 949 2221 lleteph.
968 2149 1003 2206 lV
1029 2165 1096 2208 cirre
1125 2166 1183 2222 qno
1207 2150 1331 2210 conferri
1353 2153 1429 2227 solet

276 2251 338 2321 (vel
360 2267 377 2306 n
399 2251 509 2308 Bonitz.
534 2250 645 2318 domm.
669 2269 697 2324 p.
711 2251 745 2323 6)
768 2250 832 2308 sine
851 2249 942 2310 dirhio
965 2251 1122 2310 diversum.
1168 2253 1209 2311 lte
1230 2259 1259 2312 et
1280 2254 1428 2312 Aristoteli

276 2351 333 2424 ipsi
360 2351 434 2410 leisc
461 2352 597 2425 adscripti
630 2359 700 2412 sunt
725 2360 841 2424 praeter
870 2337 1103 2424 propositionum
1132 2361 1162 2412 et
1188 2361 1428 2428 argumentorum

277 2453 466 2512 collectiones
489 2453 554 2516 lteri
576 2448 655 2535 περὶ
674 2451 740 2512 τῶν
761 2443 1005 2534 προβλημάτων
1017 2456 1064 2527 (Ι).
1078 2458 1109 2514 L.
1123 2454 1151 2527 5,
1166 2455 1215 2516 23.
1229 2459 1282 2515 rin.
1296 2458 1331 2515 cl.
1344 2457 1427 2516 Alex.

278 2552 309 2610 in
321 2553 390 2625 Top.
403 2551 476 2624 258,
489 2553 546 2628 21.)
558 2563 587 2614 et
597 2549 639 2628 καὶ
661 2548 728 2636 πρό
748 2554 814 2614 τῶν
823 2544 938 2616 τόπων
949 2558 1000 2629 (oi.
1012 2558 1045 2616 D.
1057 2559 1090 2616 L.
1103 2555 1131 2632 5,
1142 2558 1199 2630 49)
1212 2575 1253 2617 sc.
1267 2559 1429 2618 divisiones

275 2645 353 2734 περὶ
373 2650 440 2716 τῶν
461 2653 619 2732 ποσαχῶς
639 2657 701 2716 sive
722 2658 884 2732 categoriae
907 2673 1029 2730 querum
1046 2675 1121 2732 nune
1137 2661 1167 2719 in
1179 2659 1429 2724 dialectiesluem

275 2755 348 2814 retio
372 2758 457 2830 deest
479 2758 548 2831 Top.
562 2756 592 2831 1,
603 2756 687 2818 Emit
714 2767 742 2818 ct
768 2775 843 2832 quse
872 2774 908 2818 cx
934 2760 1125 2833 Theophrasti
1153 2769 1182 2821 et
1206 2761 1328 2822 Eudemi
1351 2755 1431 2846 περὶ

276 2851 397 2932 λέξεως
417 2857 500 2918 libris
523 2860 648 2919 nitemur
675 2861 795 2934 (Brend.
815 2861 869 2920 Rh.
888 2859 961 2920 llus.
974 2867 1030 2918 vet.
1043 2863 1097 2933 l,4
1113 2879 1141 2936 p.
1154 2859 1215 2926 etl
1229 2864 1305 2936 sip),
1339 2865 1427 2924 euius

273 2960 340 3020 lihn'
364 2961 528 3020 secundum
549 2961 714 3022 Aristotelis
737 2962 912 3024 sententiam
936 2964 1210 3034 comprehendentis
1226 2971 1255 3022 et
1265 2966 1428 3040 categorias

275 3061 383 3136 quihus
405 3077 458 3134 per
481 3061 581 3120 decem
604 3079 720 3125 summe
741 3079 850 3137 genere
871 3063 1026 3134 descriptis
1054 3079 1157 3126 omnes
1181 3067 1428 3141 homonymorum

275 3164 408 3222 emnium
430 3163 535 3222 modos
557 3164 698 3224 contineri
722 3167 807 3224 docet
829 3171 858 3226 et
867 3157 909 3228 τό
921 3154 1052 3226 ἐναντία
1075 3166 1206 3228 ultimum
1223 3169 1298 3232 hene
1313 3177 1427 3242 perlem

275 3264 431 3336 seperatim
455 3268 652 3339 exequebatur
673 3267 747 3326 liber
773 3260 851 3348 περὶ
870 3262 936 3330 τῶν
957 3253 1190 3343 ἀντικειμένων
1218 3264 1311 3350 (περὶ
1332 3263 1427 3334 ἐναν-

273 3355 353 3424 τίων
375 3365 406 3424 lt.
424 3367 456 3422 L.
474 3365 504 3440 5,
522 3368 572 3428 22.
597 3371 632 3428 ci.
659 3371 700 3427 W.
715 3365 810 3439 1433)
843 3369 1003 3442 Porphyrio
1037 3369 1154 3441 (Simpl.
1178 3370 1208 3428 in
1231 3368 1354 3443 ested.
1368 3371 1426 3444 14)

272 3466 433 3526 Jemhlicho
456 3467 644 3543 (158823)
667 3478 696 3527 et
719 3469 867 3542 Simplicio
891 3471 985 3530 lectus
1008 3469 1058 3542 qui
1075 3472 1128 3532 hee
1140 3471 1270 3534 doctrine
1281 3473 1426 3534 minutius

273 3568 360 3628 etism
387 3572 500 3630 cxcrrlte
526 3579 554 3630 et
581 3571 718 3630 snhtillns
745 3570 838 3629 divise
860 3573 911 3644 (ei.
925 3569 976 3644 83,
990 3569 1039 3632 25.
1052 3569 1122 3634 527.
1139 3568 1190 3641 84,
1208 3571 1236 3634 ,2-
1251 3572 1278 3632 6.
1291 3570 1357 3634 865
1369 3575 1423 3638 42.

271 3667 338 3728 886
351 3667 387 3740 5)
409 3677 438 3728 et
459 3689 565 3746 magno
581 3661 732 3752 ἀποριῶν
742 3687 845 3736 enervo
857 3681 998 3746 congesto
1011 3670 1077 3745 (83,
1091 3671 1139 3735 19.
1153 3690 1277 3746 querum
1289 3677 1426 3749 exempla

272 3770 355 3843 penit
377 3770 477 3846 Simpl.
491 3771 542 3847 83,
556 3769 691 3834 25-33
708 3770 760 3844 st,
773 3772 831 3843 29)
858 3775 903 3831 vel
931 3775 1142 3848 categoriarum
1169 3776 1245 3836 libro
1265 3776 1424 3840 manifesto

271 3871 417 3945 posterior
438 3876 476 3932 ed
497 3876 661 3934 Stoicorum
684 3882 712 3933 et
735 3875 888 3949 Chrysippi
910 3881 1041 3952 temporo
1063 3877 1133 3936 etin
1145 3875 1191 3937 his
1204 3877 1293 3938 nehus
1305 3878 1424 3942 suntili-

270 3981 359 4034 telem
373 3976 492 4034 secedis.
526 3976 579 4034 His
592 3993 627 4034 ex
642 3976 789 4036 indicihns
804 3979 930 4038 addendi
946 3987 1015 4038 sunt
1032 3978 1098 4038 libri
1117 3970 1195 4057 περὶ
1208 3975 1272 4040 ,τοῦ
1287 3969 1425 4059 αἱρετοῦ

267 4070 325 4138 καλ
345 4074 404 4138 τοῦ
426 4066 669 4157 συμβεβηκότος
681 4073 738 4152 (l),
761 4072 839 4161 megi
862 4070 959 4140 εἰδῶν
970 4075 1026 4140 καὶ
1037 4077 1138 4160 γενῶν
1150 4076 1207 4152 (i),
1230 4075 1308 4160 περὶ
1324 4070 1423 4143 ἰδίων

267 4177 315 4251 (εἰ.
344 4181 388 4236 W.
412 4179 518 4254 Burlep
546 4180 563 4236 l.
589 4195 612 4236 o.
647 4181 683 4238 de
713 4197 821 4253 genere
846 4182 946 4254 speeie
975 4191 1005 4240 et
1031 4180 1147 4254 proprio
1171 4182 1211 4258 Ι),
1244 4171 1316 4262 ὅροι
1350 4177 1421 4262 πρὸ

265 4278 330 4343 τῶν
355 4275 503 4340 τοπικῶν
525 4281 580 4350 Vll,
614 4269 763 4363 ὁρισμοὶ,
796 4273 900 4345 τόποι
929 4275 1014 4364 πρὸς
1046 4275 1123 4354 τούς
1154 4272 1253 4363 ὅρους
1273 4283 1306 4352 ll,
1338 4280 1421 4362 περὶ

262 4373 453 4462 ἐρωτήσεως
484 4375 541 4451 καὶ
573 4372 796 4467 ἀπονρίσεωςε
838 4401 963 4458 quornm
998 4399 1093 4457 neque
1126 4385 1181 4444 hos
1214 4385 1289 4456 dues
1317 4399 1419 4457 neque
