3036 5164
817 397 880 462 131

186 623 188 632 .
274 569 416 628 rationem
439 572 618 644 sequebatur
640 573 769 630 Graecus
794 589 913 646 quoque
936 573 984 631 illo
1006 587 1172 646 auonpuus
1195 571 1225 628 iu
1249 571 1284 630 iis
1302 573 1425 646 quaeda

204 675 206 683 '
276 673 427 732 comoedia
458 689 493 732 ex
522 673 686 733 Aristotelis
722 675 758 730 do
792 659 940 747 tragoedia
969 663 1144 732 ¹delinitione
1178 674 1338 746 disputarit
1371 677 1423 750 (ap.

256 741 855 852 ί06616661666(1.1>6(·16.1,,1οὲ1--5).
902 776 987 844 Quod
1020 775 1044 833 si
1077 791 1178 834 vesunu
1212 777 1423 849 quodammodo

276 885 330 949 cst,
354 878 416 936 suis
438 885 535 936 lernen
560 877 667 936 sinibus
691 878 990 937 circumscribendum
1014 886 1076 936 erat
1098 894 1194 952 ucquc
1217 880 1284 936 idco
1308 895 1423 953 prorsas

274 997 334 1040 non
357 982 393 1040 (16
417 981 567 1039 comoedia
591 980 766 1054 exposuisse
790 989 939 1040 auctorem
963 980 1015 1038 scd
1034 981 1158 1058 ¹brevius
1182 981 1373 1055 similiterque
1394 997 1423 1036 ac

277 1085 314 1142 de
337 1083 420 1157 epico
445 1083 572 1140 cernuae
595 1081 769 1156 exposuisse
792 1101 846 1157 par
867 1092 937 1142 crat.
985 1084 1081 1151 erum
1104 1085 1193 1158 igitur
1210 1084 1422 1142 concedendum

278 1186 316 1244 sit
341 1185 497 1259 particulas
532 1187 673 1258 quasdam
709 1201 832 1259 operum
860 1184 1024 1245 Aristotelis
1058 1202 1125 1246 csse
1153 1188 1296 1261 perditas,
1331 1184 1377 1258 qui
1397 1184 1422 1240 id

278 1287 341 1345 fieri
364 1285 491 1359 potuerit
514 1302 610 1359 neque
633 1295 821 1359 posterorum
844 1304 933 1361 pravo
957 1289 993 1345 (16
1017 1289 1146 1362 magistri
1170 1297 1198 1346 ct
1221 1289 1420 1360 discipulorum

276 1389 359 1448 libris
395 1388 563 1446 discrimine
599 1389 669 1446 sotis
704 1389 879 1462 explicatum
914 1391 1028 1448 nescire
1056 1407 1103 1448 mc
1131 1393 1236 1462 l'olcor,
1270 1390 1327 1449 uisi
1359 1391 1421 1448 forte

280 1492 346 1565 quis
379 1491 555 1550 assentiatur
582 1491 746 1549 Alexandro
775 1491 901 1549 Neclram
935 1493 984 1566 qui
1018 1494 1109 1552 facete
1143 1493 1172 1550 iu
1202 1493 1275 1552 libro
1302 1494 1419 1551 nondum

279 1593 357 1652 edito
388 1594 423 1650 de
450 1593 562 1652 naturis
598 1610 695 1651 rerum
730 1593 930 1666 „Aristotelis”
965 1597 1004 1652 ait
1037 1596 1133 1667 „viam
1163 1595 1316 1654 universae
1336 1593 1418 1652 caruis

279 1696 469 1770 ingressurus
497 1697 686 1756 subtilissima
715 1697 822 1770 scripta
850 1713 903 1754 sua
929 1697 1017 1756 iussit
1043 1713 1145 1758 secum
1174 1698 1203 1756 in
1233 1697 1362 1770 sepulcro
1381 1709 1418 1750 re-

281 1798 377 1870 condi,
401 1814 439 1856 ne
462 1798 576 1858 utilitati
599 1799 776 1872 posteritatis
800 1814 871 1856 suae
895 1800 1090 1859 deservirent'’
1118 1798 1172 1876 (16.
1198 1800 1324 1856 Walens.
1348 1796 1417 1854 Com-

280 1902 428 1976 pendiloq.
452 1899 482 1973 3,
506 1899 534 1973 5,
559 1901 621 1977 14).
672 1903 796 1960 Uberius
807 1882 899 1960 t'vere
933 1903 968 1960 (16
1002 1903 1127 1962 Paelicis
1161 1901 1333 1960 sententiam
1363 1898 1415 1954 ideo

281 2005 418 2077 exposui,
448 2006 527 2078 quod
554 2007 610 2062 boc
637 2004 824 2078 potissimum
853 2005 927 2062 libro
954 2005 1037 2063 multi
1061 2006 1137 2064 siout
1158 2005 1205 2062 alii
1229 1999 1415 2076 Metapliysicis

281 2106 418 2164 commoti
446 2107 548 2165 falsam
575 2107 653 2164 illam
681 2108 717 2164 de
740 2107 895 2164 Aristotele
926 2115 954 2164 et
976 2107 1089 2166 lucrinis
1113 2113 1140 2165 et
1162 2103 1414 2179 interpolationibus

281 2207 397 2265 foedato
424 2209 541 2265 loveant
569 2209 744 2267 sententiam
773 2209 870 2266 sabula
902 2209 1116 2283 alpellicouteo,
1157 2223 1244 2280 quam
1272 2202 1416 2266 subaudiri

281 2309 413 2384 Nequam
436 2309 494 2381 ille,
518 2310 662 2384 imprimis
686 2311 796 2369 l'ultaua.

365 2412 428 2468 iarn
450 2429 519 2472 vero
543 2422 610 2486 post
632 2413 766 2472 Poeticae
794 2413 986 2485 lragmentum
1018 2412 1169 2486 librosque
1199 2429 1323 2486 quorum
1349 2407 1415 2484 quasi

281 2513 429 2587 appendix
456 2522 500 2573 est
527 2515 665 2574 Politlcos
700 2513 805 2587 bisque
835 2515 907 2588 ipsis
937 2522 965 2572 61
992 2514 1140 2572 doctrinae
1167 2515 1286 2572 rrrorolis
1314 2511 1416 2588 physico

283 2615 473 2674 fundamento
508 2624 537 2674 61
569 2617 778 2691 psychologico
813 2616 860 2690 (cl.
884 2617 947 2673 Etb.
970 2613 1057 2686 1,13
1091 2611 1143 2676 δεῖ
1173 2609 1229 2678 τὸν
1263 2606 1418 2676 πολιτικὸν

282 2707 410 2779 6111666
432 2738 505 2791 πως
531 2712 674 2801 66116661
695 2712 818 2803 ψυχὴν)
853 2721 910 2776 iam
939 2725 1140 2792 praeparatum
1168 2727 1257 2793 atque
1285 2719 1348 2777 siue
1371 2717 1417 2774 ullo

283 2821 373 2880 dubio
386 2821 528 2896 seriptum
541 2821 625 2880 etiam
638 2828 706 2896 post
716 2821 844 2892 lithicos,
869 2819 898 2877 in
911 2819 1019 2892 quibus
1032 2821 1082 2878 ubi
1095 2821 1231 2896 physicas
1247 2821 1418 2894 quaestiones

281 2923 373 2997 tangit
394 2925 431 2982 ad
453 2925 645 3000 physiologos
668 2932 780 2982 tautum
792 2922 964 2996 simpliciter
977 2922 1114 2982 lectorem
1128 2925 1242 2998 ablegat
1254 2922 1329 2999 (uta.
1342 2921 1368 2994 l,
1379 2916 1417 2979 13.

283 3027 318 3084 61.
342 3024 643 3098 maxin1e1102,25.
661 3023 796 3086 28232.
814 3023 843 3098 7,
861 3022 889 3084 5.
907 3022 1059 3085 114168.
1077 3022 1174 3098 7,15.
1192 3024 1301 3086 11541)
1317 3024 1344 3086 7.
1359 3023 1386 3095 8,
1396 3022 1418 3080 t

283 3124 393 3186 11551)
409 3127 441 3205 7)
470 3145 504 3186 66
527 3130 562 3186 (16
586 3145 674 3186 eausa
708 3129 785 3203 quod
815 3128 883 3186 11661
905 3128 1052 3186 scribendi
1075 3128 1199 3186 consilio
1222 3129 1279 3186 iam
1301 3138 1367 3187 tunc
1386 3127 1421 3183 iu·

286 3231 386 3288 stituto
403 3261 443 3270 —
461 3229 610 3288 reiicimur
632 3229 709 3288 enim
733 3232 769 3288 ad
793 3231 994 3304 quaestionem
1012 3224 1089 3313 περὶ
1101 3221 1260 3313 κινήσεως
1272 3220 1306 3292 ἓν
1322 3217 1421 3298 ἄλλοις

283 3339 417 3391 accurate
439 3331 649 3390 instituendam
672 3334 735 3392 Eth.
753 3331 804 3403 10,
821 3330 849 3391 3.
868 3318 1014 3393 1174112
1037 3367 1076 3374 -
1100 3336 1233 3392 nondum
1254 3341 1348 3392 tamen
1370 3331 1422 3404 ipse

284 3435 320 3492 de
344 3433 389 3492 liis
413 3433 583 3492 definiverat
606 3435 650 3493 vel
663 3435 878 3493 Platonicorum
901 3443 933 3494 ut
948 3451 985 3494 ex
1002 3436 1116 3494 animae
1134 3435 1288 3510 partitione
1301 3435 1422 3493 rinutun

283 3551 391 3610 genera
416 3536 527 3596 derivet
549 3538 628 3596 nullo
652 3537 771 3610 proprio
795 3539 870 3596 libro
893 3538 979 3596 citato
1004 3539 1147 3596 sententia
1170 3555 1254 3610 nsua,
1277 3532 1423 3612 666111111-

283 3655 335 3698 cos
357 3639 446 3712 igitur
456 3639 646 3713 physicorum
659 3655 734 3712 opus
746 3639 924 3698 immensum
938 3639 1078 3713 sequitur,
1104 3657 1161 3715 quo
1175 3657 1210 3700 ex
1224 3649 1303 3700 certo
1316 3634 1423 3699 oonsilio

283 3737 334 3818 (cs.
358 3742 477 3799 Metcor.
494 3738 524 3811 1,
541 3738 569 3797 1.
594 3741 629 3798 (16
651 3749 724 3814 part.
749 3759 794 3800 an.
812 3741 843 3818 l.)
868 3757 985 3800 omnem
1008 3758 1106 3801 rerum
1129 3750 1262 3802 naturam
1275 3751 1424 3813 causasque

283 3844 537 3916 comprehendens
573 3850 601 3899 et
634 3844 670 3901 ab
698 3845 913 3904 universalibus
947 3850 1067 3902 naturae
1101 3853 1259 3919 motusque
1287 3839 1425 3919 principiis

283 3945 396 4020 absque
420 3943 494 4004 coeli
517 3945 644 4002 aeternis
673 3947 801 4006 motibus
830 3947 866 4004 ad
894 3946 1029 4004 animalia
1055 3953 1084 4004 61
1106 3948 1220 4020 plantas
1244 3948 1426 4008 descendeus.

283 4047 428 4121 quidquid
461 4047 593 4106 mirabile
627 4057 672 4106 est
701 4055 729 4105 et
756 4048 886 4107 divinum
919 4049 948 4106 iu
972 4050 1044 4122 ipsis
1078 4049 1207 4108 minimis
1230 4049 1428 4120 vilissimisque

286 4145 336 4225 ((16
358 4156 431 4222 part.
456 4165 501 4206 an.
519 4147 548 4220 1,
566 4145 594 4208 5.
618 4145 759 4226 64515)
794 4151 1006 4224 animantibus,
1040 4169 1158 4212 oausam
1193 4170 1233 4212 sc.
1270 4161 1299 4212 et
1331 4158 1429 4211 certum

284 4251 426 4310 rationem
450 4252 558 4324 insigni
582 4253 730 4312 doctrinae
754 4255 837 4328 eopia
859 4255 1052 4328 institutoque
1078 4257 1164 4329 plane
1191 4271 1268 4314 noro
1291 4263 1321 4314 et
1342 4249 1430 4313 studio

286 4369 377 4426 quum
404 4354 564 4428 peritorum
592 4355 779 4414 sermonibus
809 4363 837 4414 et
864 4356 946 4414 libris
973 4357 1105 4430 priorum
1133 4358 1204 4418 lullo
1232 4366 1294 4418 tum
1323 4352 1432 4432 propria

287 4454 465 4528 experientia
488 4452 536 4534 (el'.
558 4456 699 4531 licquens
716 4457 788 4516 illud
804 4447 1007 4542 ἑωράκαμεν)
1029 4467 1059 4520 61
1081 4459 1357 4534 diligentissimam
1371 4470 1433 4516 acu·
