3036 5164
815 281 856 342 94

262 467 307 524 ap.
331 446 443 504 Philon.
461 465 488 522 p.
502 445 564 510 913
576 465 620 524 sq.
645 449 749 515 Plotio.
765 469 793 526 p.
807 449 869 512 179
882 469 926 526 sq.
941 452 987 514 er.
1005 451 1157 512 Censoris.
1170 451 1204 528 tl
1226 441 1309 522 κατὰ
1331 441 1410 530 μέρη

262 562 361 614 tamen
384 555 430 606 est
452 548 648 622 corruptibilis
671 554 723 624 (ile
736 570 774 612 m.
787 551 861 628 397,
873 553 923 614 29.
936 551 1009 628 400,
1022 551 1074 616 ol..
1086 551 1135 616 25.
1154 553 1243 612 orati
1255 550 1285 624 3,
1297 551 1336 624 4)
1360 550 1412 624 igni

263 650 384 713 coelesti
412 641 465 726 (ἐξ
489 639 632 736 οὐρανοῦ
648 649 720 728 397,
737 652 777 714 21
807 656 843 718 ei.
866 656 938 716 Acts.
960 657 1019 717 Tat.
1043 657 1079 716 1s.
1096 653 1138 718 85
1161 657 1197 714 cl.
1214 651 1268 727 83,
1294 667 1356 728 quo
1382 667 1413 712 ex

264 758 329 814 loeo
352 752 478 810 eundem
507 769 595 830 quarn
624 753 754 816 Philotan
781 757 862 818 vocis
889 746 1032 842 οὐρανὸς
1057 759 1095 818 tle
1122 756 1273 818 srmlunari
1300 755 1415 828 regione

264 872 352 917 usum
379 849 525 930 potuisset
551 854 659 928 aliquis
687 864 716 916 et
742 857 811 918 huic
837 859 947 918 auctori
976 859 1131 936 affingere)
1169 867 1198 918 et
1228 855 1416 918 inundatione

266 949 435 1042 (κεραυνοὶ
458 972 524 1032 opp.
549 940 681 1040 ὄμβροι,
700 957 859 1038 χειμῶνες
881 960 917 1020 ei.
934 960 1027 1020 Procl.
1049 961 1079 1022 in
1097 961 1169 1021 Tim.
1182 960 1232 1022 22.
1246 957 1347 1033 eosq.
1368 949 1416 1024 ec
1474 961 1475 1018 l

268 1049 418 1146 πύρωσις
433 1065 462 1118 et
477 1046 688 1130 ιιατοὶκλοσιςε
712 1062 820 1128 etenim
843 1049 862 1124 ὁ
886 1050 1051 1146 σελήνης
1071 1052 1218 1136 κύκλος
1238 1050 1353 1144 ὑγρὸς
1373 1047 1418 1122 ὢν
1474 1075 1475 1138 l

268 1151 446 1244 συμπάσης
468 1152 627 1241 γενέσεως
648 1159 837 1243 σωματικῆς
858 1153 1057 1238 αἰτιώτατος
1078 1165 1196 1226 Aristid.
1209 1182 1285 1224 mus.
1307 1181 1338 1240 p.
1351 1159 1416 1221 147.
1473 1159 1475 1198 ⁴

268 1267 353 1342 llipp.
377 1263 522 1324 declinet
546 1279 573 1338 p.
594 1259 666 1324 639.
691 1263 726 1320 ci.
750 1261 869 1324 Aristid.
892 1264 1111 1342 μ.110.124;
1149 1257 1167 1328 ὁ
1191 1255 1259 1332 ὑπὸ
1282 1253 1417 1346 σελήνην
1474 1295 1475 1298 ¹

268 1357 375 1440 τόπος
396 1354 497 1448 ὑγρᾶς
519 1351 565 1426 ὢν
587 1355 787 1440 συστάσεως.
822 1367 853 1428 in
875 1376 983 1432 terram
1004 1369 1093 1444 igitur
1114 1385 1190 1445 quae
1210 1377 1258 1434 est
1278 1360 1418 1450 θολερὸς

268 1459 375 1542 τόπος
409 1468 445 1527 do
468 1483 506 1526 m.
519 1465 627 1541 1005
662 1453 783 1548 ὄμβροι
805 1477 896 1530 ruunt
917 1485 933 1530 e
955 1471 1044 1532 lunae
1065 1473 1190 1548 sphaera
1211 1462 1418 1554 (σεληνιακὸν
1474 1477 1475 1518 l

269 1564 563 1654 lamponium:
601 1572 674 1631 haec
699 1568 779 1629 enim
806 1578 851 1630 est
878 1571 926 1634 ille
954 1565 1048 1656 διττὴ
1078 1567 1196 1656 φθορὰ
1223 1575 1327 1638 mnndi
1356 1575 1375 1632 i.
1397 1587 1418 1630 e.

269 1685 364 1736 terrae
388 1660 439 1745 (oi
461 1661 653 1756 παράδοξοι
672 1660 872 1748 νεοχμώσεις
882 1669 955 1748 397,
967 1673 1020 1748 20,
1041 1691 1116 1750 quae
1134 1675 1418 1738 vcrhaStoiecstaa·

271 1783 357 1852 gunt,
393 1769 585 1846 810113.
610 1773 707 1836 castor.
731 1789 777 1848 ap.
801 1775 912 1834 thilon.
936 1793 964 1854 p.
978 1775 1075 1838 ensa.
1093 1775 1181 1840 ensa
1203 1779 1250 1840 am
1273 1785 1321 1840 ast
1342 1765 1363 1860 ἡ
1385 1771 1419 1856 pt

271 1869 327 1942 ἀεὶ
347 1865 527 1954 νεάζονσα)
551 1875 622 1937 Phil.
636 1873 697 1936 111
713 1899 749 1926 =
764 1877 801 1936 de
824 1877 934 1936 mundo
950 1875 1024 1954 397,
1040 1877 1179 1942 19-58.
1197 1879 1272 1953 too,
1287 1875 1418 1942 25--3o

272 1980 362 2039 Oecll.
379 1975 409 2050 3,
428 1979 448 2034 4
464 1993 525 2051 sq,
558 1994 616 2052 qua
643 1985 785 2056 purgatur
810 1981 940 2040 mundns
968 1989 998 2042 et
1019 1991 1177 2044 renovatur
1199 1982 1295 2057 (Orig.
1320 1983 1418 2058 philos.

271 2100 300 2157 p.
313 2079 364 2138 26.
388 2080 425 2137 de
447 2097 485 2138 m.
498 2079 572 2156 397,
583 2078 625 2144 33
637 2097 702 2156 sqq.
725 2082 761 2139 cl.
784 2080 859 2140 Phil.
880 2074 1029 2166 τροφοί),
1051 2086 1088 2144 ah
1110 2086 1249 2148 omnihus
1270 2081 1419 2146 Platonicis

273 2189 389 2257 recepta
416 2183 469 2256 (el.
493 2182 579 2242 etiam
601 2183 688 2242 Arist
712 2183 830 2243 Meteor.
848 2181 878 2256 1,
890 2182 940 2245 tt.
963 2188 1107 2262 Theophr.
1130 2204 1175 2262 ap.
1199 2187 1272 2250 Phil.
1295 2205 1326 2262 p.
1339 2185 1419 2256 961).

274 2288 355 2358 Quae
382 2287 418 2345 de
444 2285 555 2346 mundo
583 2285 680 2350 medio
711 2284 798 2348 sinant
826 2293 856 2344 et
882 2287 941 2348 imo
968 2291 1123 2350 traduntur
1150 2284 1418 2358 remeasset,

273 2389 488 2449 Platonicorum
510 2395 579 2446 sunt
602 2394 631 2448 ot
642 2387 807 2446 Stoicorum
822 2388 951 2450 Platonis
962 2391 993 2452 in
1006 2377 1123 2454 Timaeo
1139 2393 1315 2457 sententiam
1328 2398 1419 2454 contra

273 2492 412 2568 physicos
433 2490 552 2552 Jonieos
575 2489 751 2576 disputantis
767 2505 794 2564 p.
809 2487 850 2548 62
862 2507 918 2567 sq,
942 2509 978 2552 ex
991 2511 1049 2570 qno
1065 2495 1130 2570 ipso
1146 2511 1201 2556 sna
1215 2495 1316 2558 hausit
1325 2491 1419 2554 Philol.

273 2593 314 2658 el
332 2595 362 2656 Β.
386 2594 421 2652 cl.
445 2593 477 2652 ll.
494 2593 526 2652 h.
544 2588 575 2664 8,
592 2589 643 2666 26,
666 2591 739 2650 rrlhil
765 2593 884 2670 proprie
910 2595 968 2656 dial
995 2597 1026 2658 in
1052 2598 1141 2660 renus
1168 2613 1266 2672 neone
1292 2594 1419 2674 sopenna
1473 2669 1474 2682 η

273 2715 370 2778 neque
392 2696 515 2758 inferius
539 2695 701 2758 tradentem
723 2694 780 2754 nisi
804 2696 875 2774 quid
896 2701 999 2760 asena
1015 2716 1069 2762 sna
1084 2701 1206 2762 naturali
1223 2717 1312 2775 quam
1327 2695 1421 2774 repetit
1472 2691 1474 2730 ⁴

273 2805 304 2866 in
327 2801 501 2864 contrariam
521 2788 756 2882 μετενήνεκται
779 2800 834 2872 (=
848 2800 919 2860 Tim.
938 2799 1062 2878 ott-e),
1085 2804 1123 2868 ed
1144 2819 1234 2864 usum
1255 2810 1420 2864 consuetum

275 2908 363 2968 modo
390 2907 426 2964 ah
454 2905 520 2978 ipso
543 2903 663 2964 Platone
690 2902 852 2980 significato
881 2912 948 2982 post
969 2905 1179 2982 Peripateticos
1205 2905 1421 2966 acoornmodan·

272 3011 345 3071 lium
369 3008 421 3082 (al.
443 3006 536 3066 Aleia.
561 3019 586 3062 c.
602 3003 669 3078 20).
715 3005 794 3062 Deus
817 3014 916 3066 antem
936 3009 1016 3070 hunc
1037 3009 1181 3070 mnndum
1204 3023 1240 3066 ex
1264 3008 1355 3070 rahus
1369 3004 1421 3064 ele-

276 3111 443 3184 mentisque
470 3106 623 3168 contrariis
650 3107 703 3177 (de
720 3122 757 3164 ιο.
774 3103 848 3179 396,
862 3103 913 3168 33.
930 3109 1007 3170 124.
1022 3107 1064 3171 32
1087 3111 1122 3170 cl.
1138 3106 1167 3170 5.
1184 3107 1241 3182 29)
1269 3108 1378 3172 conctis
1398 3105 1421 3164 in

276 3211 457 3274 harmoniam
480 3210 559 3270 coire
587 3208 655 3268 lacit
682 3217 710 3268 et
732 3197 914 3290 ὁμολογίαν
936 3209 1163 3286 (39653335
1187 3213 1250 3272 sire
1269 3199 1422 3289 ὁμόνοιαν

275 3314 390 3390 3974.
407 3311 553 3385 39654),
577 3327 665 3385 quam
694 3311 880 3371 concordiam
911 3329 978 3372 cum
1009 3315 1084 3376 cirili
1117 3333 1205 3391 saepe
1235 3320 1422 3389 comparatam

277 3421 329 3504 (de
345 3435 383 3478 m.
401 3414 473 3492 396,
491 3411 584 3476 1-5.
608 3414 721 3488 Diolog.
737 3412 789 3487 48,
806 3412 856 3474 61.
880 3418 916 3476 cf.
930 3415 979 3477 62.
1005 3419 1144 3493 Ecphant.
1155 3417 1206 3493 48,
1220 3417 1271 3478 64.
1288 3419 1421 3482 Callietat

276 3519 396 3596 85,17.
420 3519 509 3580 Oceli.
533 3535 580 3593 ap.
604 3518 685 3578 Stolr.
702 3515 734 3598 1,Ι
747 3513 821 3597 338,
845 3518 923 3580 Crito
939 3516 969 3592 3,
986 3517 1036 3581 75.
1061 3529 1108 3582 est
1129 3505 1207 3586 enim
1223 3521 1345 3583 omnino
1361 3522 1423 3579 haec

276 3625 406 3685 musicae
429 3621 598 3682 harmoniae
619 3620 716 3696 imago
739 3621 769 3681 in
782 3621 885 3680 ethicis
898 3624 1067 3696 fragmentis
1079 3655 1120 3666 -·-
1132 3624 1298 3685 etAristid.
1312 3614 1424 3692 Quintil.

278 3731 315 3790 (ie
337 3742 414 3786 mns.
437 3741 467 3800 p.
480 3721 542 3784 129
555 3738 621 3797 sqq.
644 3723 728 3782 heth.
756 3739 793 3782 ex
819 3724 1125 3802 Psauoapythagorais
1148 3727 1332 3790 haurientem
1358 3733 1424 3800 qnos
1472 3731 1473 3756 ¹

278 3828 424 3904 significat
444 3841 474 3900 p.
490 3821 561 3886 131.
578 3821 640 3882 124
663 3832 693 3886 et
713 3827 790 3900 apud
813 3827 942 3888 eundem
956 3825 1018 3902 μ3
1039 3830 1168 3888 Panacae
1192 3828 1254 3888 sive
1275 3843 1336 3888 see.
1349 3829 1424 3888 Phot

279 3927 419 3992 comitii
442 3925 583 3986 Panacaei
606 3926 779 4003 Pythagorei
795 3930 1001 4003 fragmentum,
1023 3927 1425 4006 cl.oam.3oes11sqq.-

279 4028 517 4109 frequentissima
544 4028 593 4086 uhi
622 4030 659 4091 dc
682 4031 853 4090 conditione
872 4031 948 4092 vitae
970 4033 1084 4094 animae
1106 4033 1221 4098 viantis
1244 4035 1354 4094 domne
1373 4027 1426 4104 agi·

278 4137 341 4207 tur)
369 4130 457 4194 eflicit
485 4119 506 4214 ἡ
534 4120 706 4216 ἰσομοιρία
732 4131 798 4194 τῶν
824 4127 996 4211 στοιχείων
1023 4138 1060 4196 tle
1082 4153 1120 4197 m.
1136 4133 1224 4198 396h
1238 4131 1281 4198 35
1303 4149 1363 4198 sec.
1385 4131 1425 4192 li

278 4251 394 4298 meeum
418 4233 470 4308 (ei.
485 4235 518 4294 l).
530 4235 563 4294 L.
574 4233 606 4310 8,
618 4235 675 4309 26)
687 4239 744 4301 ,vel
767 4227 980 4318 inhonorantia,
994 4229 1177 4321 ἶσονροιτίοι,
1192 4229 1349 4317 ἰσονομία
1360 4239 1425 4298 lim.

279 4333 575 4398 6οοι.955.ο.095
600 4338 785 4412 οαο11.2,4.
808 4341 890 4402 Philo
914 4344 951 4402 de
973 4351 1028 4402 ael.
1052 4339 1248 4416 51119591).
1283 4343 1426 4416 ipsavero
1471 4419 1472 4430 η
