3024 5162
817 338 879 399 226

276 511 384 586 scripto
412 507 551 584 peculiari
578 507 750 570 Aristoteles
779 510 838 584 egit
870 503 948 592 περί
980 498 1149 573 ἀνασπῶν
1182 523 1237 568 σοι
1268 507 1360 581 magis
1386 508 1417 565 de

275 613 381 673 ceteris
402 627 477 687 quae
499 610 637 672 sensibus
659 613 862 686 percipiuntur
881 620 997 686 preater
1019 630 1052 674 ea
1076 629 1151 688 quae
1167 609 1417 686 inpsyehoiogieis

274 715 357 775 lihris
380 722 408 773 et
429 713 639 790 physiologicis
660 715 829 788 traduntur3
852 715 1050 790 nequeenim
1073 717 1110 776 de
1133 729 1190 789 quo
1214 727 1301 786 supra
1312 728 1419 776 metuo-

275 827 371 878 ratum
398 823 443 876 est
471 808 550 897 περί
572 812 683 893 χυμῶν
709 817 826 876 lihellus
854 819 891 876 ad
917 818 1014 892 ipsum
1040 817 1166 892 pertinet
1188 831 1243 875 neo
1265 815 1314 889 qui
1337 817 1419 874 modo

275 918 344 978 huie
366 919 416 992 (ei.
440 918 525 977 llich.
549 919 656 992 Ephes.
681 920 747 980 Sch.
771 920 801 978 in
823 920 842 977 l.
867 920 904 978 de
926 921 985 980 vita
1006 928 1036 980 ct
1056 925 1151 978 morte
1172 919 1191 976 l.
1208 915 1310 991 tadu)
1338 919 1419 976 modo

274 1021 474 1094 Theophrasto
498 1019 553 1092 (ita
573 1021 753 1079 recentiores
778 1021 894 1094 quidem
918 1030 950 1081 ut
973 1021 1135 1082 Schneider
1156 1022 1191 1080 cl.
1216 1021 1326 1080 Fahrie.
1344 1021 1375 1078 B.
1391 1020 1418 1076 G.

275 1120 305 1195 3,
322 1119 384 1181 245
399 1121 493 1192 Harl.)
516 1120 622 1179 iniuria
643 1121 780 1180 trihuitur
801 1117 879 1206 περὶ
898 1114 1080 1206 χρωμάτων
1107 1125 1158 1196 (cf.
1182 1123 1278 1182 Prantl
1301 1122 1421 1182 Parhen·

275 1225 356 1282 lehre
379 1223 432 1281 der
454 1222 530 1280 alten
553 1237 582 1294 p.
597 1218 740 1296 80—85)
773 1241 831 1298 qtro
854 1234 956 1285 auctur
976 1242 1141 1301 anonymus
1164 1225 1194 1282 in
1217 1225 1280 1298 ipsa
1307 1223 1420 1284 materia

276 1323 439 1397 colligenda
470 1324 580 1384 multus
614 1339 668 1382 nec
701 1331 759 1382 tam
791 1327 986 1401 philosophus
1020 1345 1108 1402 qnam
1140 1328 1279 1402 physicus
1311 1341 1419 1386 omnen

276 1426 407 1484 colorum
429 1423 617 1498 physicorum
641 1431 669 1482 et
691 1425 721 1482 iu
742 1427 851 1499 plantis
873 1433 903 1487 et
924 1428 953 1487 in
977 1429 1151 1489 animalibus
1172 1430 1320 1504 terrisque
1341 1443 1421 1504 gene·

275 1525 419 1583 rationem
452 1517 527 1604 (τὴν
548 1518 627 1606 napi
647 1518 688 1585 τὰ
709 1517 866 1610 χρώματα
887 1522 1035 1615 θεωρίαν
1051 1530 1139 1592 tato
1155 1529 1212 1602 19)
1243 1531 1274 1590 in
1309 1531 1420 1590 modum

275 1624 448 1684 mouohihlii
475 1641 491 1682 a
518 1626 719 1699 Theophrasto
753 1630 919 1706 ceterisque
953 1633 1105 1707 discipulis
1138 1633 1276 1692 dilectum
1304 1638 1420 1700 enarrat,

275 1725 430 1784 Aristotele
452 1725 518 1799 ipso
540 1727 591 1784 uhi
618 1728 654 1786 de
681 1730 830 1790 coloribus
858 1735 917 1808 agit
943 1735 972 1792 in
996 1735 1079 1794 lihris
1105 1735 1141 1793 de
1168 1733 1318 1794 animast
1339 1749 1418 1794 sensu

183 1829 188 1843 ¹
275 1833 304 1884 et
326 1826 362 1887 da
385 1839 482 1899 gener.
507 1843 554 1886 an.
571 1825 667 1902 (5,1)
689 1838 800 1890 restare
822 1835 932 1908 aliquid
954 1852 1107 1910 uunquam
1122 1835 1313 1909 significante.
1345 1835 1419 1903 Quod

274 1939 345 1985 raro
368 1926 437 1986 dicit
460 1929 496 1987 de
518 1944 585 2002 gen.
609 1945 655 1987 an.
673 1927 702 2002 5,
719 1930 747 1989 2.
765 1929 837 2008 rat,
850 1935 892 1996 20
915 1927 947 1998 σί
968 1930 1030 2018 γὰρ
1053 1927 1243 2018 hederacia
1266 1929 1418 2019 αἰσθητη-

274 2019 354 2110 ρίων
375 2017 511 2088 πάντων
532 2021 645 2114 ὥσπερ
669 2023 797 2115 εἴρηται
825 2029 858 2098 ἓν
878 2037 949 2112 ’τοῖς
970 2033 1047 2120 περὶ
1069 2031 1263 2124 αἰσθήσεως
1282 2032 1420 2102 τείνουσι

273 2123 359 2212 πρὸς
380 2123 438 2210 τὴν
459 2121 609 2211 καρδίαν,
638 2148 673 2191 eo
696 2135 768 2194 nihil
796 2138 875 2198 aliud
897 2140 989 2200 voluit
1011 2154 1100 2216 quarn
1121 2145 1201 2217 quod
1224 2145 1260 2202 de
1282 2151 1356 2216 part.
1377 2159 1416 2200 an.

273 2229 370 2303 2,10.
388 2227 519 2302 65628
539 2232 579 2290 ita
602 2233 750 2308 exprimit:
782 2228 835 2298 ὅτι
860 2235 921 2315 μὲν
948 2230 1006 2303 οὖν
1033 2233 1113 2328 ἀρχὴ
1140 2239 1205 2305 τῶν
1232 2233 1417 2329 αἰσθήσεών

273 2326 363 2394 ἐστιν
384 2319 402 2394 ὃ
426 2325 504 2413 περὶ
533 2325 593 2416 τήν
621 2327 760 2419 καρδίαν
785 2330 893 2414 τόπος
915 2333 1092 2428 διώρισται
1114 2336 1276 2432 πρότερον
1299 2339 1337 2410 ἓν
1356 2345 1415 2419 τοῖς

273 2428 352 2517 περὶ
373 2423 575 2514 αίσθήσεως,
598 2437 799 2514 physiologice
822 2443 911 2517 igitur
933 2445 1042 2506 dictum
1065 2455 1111 2507 est
1133 2465 1185 2523 pro
1203 2467 1238 2510 ao
1251 2454 1332 2525 quod
1347 2450 1415 2510 omni

272 2537 347 2596 lihrn
371 2535 408 2592 de
429 2533 577 2593 animast
598 2536 616 2594 l.
641 2537 677 2595 de
700 2555 790 2599 sensu
814 2542 848 2615 (i.
872 2560 897 2603 a.
922 2547 959 2606 de
982 2563 1074 2608 seusu
1096 2553 1237 2611 memoria
1259 2561 1289 2614 et
1303 2553 1414 2622 somno)

272 2636 434 2711 explicatur
460 2641 527 2693 eta
549 2651 608 2709 quc
636 2639 732 2698 omnis
762 2643 825 2702 eius
850 2645 1004 2708 deanima
1028 2653 1158 2712 doctrina
1180 2657 1289 2729 pendet
1311 2658 1362 2730 (cl.
1384 2655 1414 2712 de

272 2753 318 2800 au.
334 2734 408 2809 411,
424 2734 465 2795 26
477 2739 574 2811 squ),
601 2754 688 2798 uuam
712 2757 780 2802 esse
801 2745 928 2806 animam
955 2767 1010 2810 nea
1032 2769 1101 2814 esse
1121 2763 1220 2830 partes
1241 2758 1259 2816 i.
1284 2775 1309 2817 e.
1334 2757 1415 2818 lacul-

270 2849 346 2900 tates
379 2838 511 2898 diversas
545 2839 669 2900 diversis
703 2846 835 2918 corporis
873 2850 1006 2921 partihus
1038 2861 1187 2929 tamquam
1219 2858 1413 2921 instrumentis

270 2939 416 3018 primariis
438 2939 563 3014 divisus,
590 2942 620 3000 id
642 2947 723 3016 quod
749 2945 878 3008 Platonis
906 2952 1017 3014 larebat
1038 2960 1191 3033 sententia,
1214 2962 1370 3037 cordisque
1390 2966 1413 3018 et

271 3041 423 3119 sauguinis
457 3057 545 3116 opera
577 3052 718 3118 motuque
746 3055 775 3106 et
803 3059 947 3122 quatenus
980 3065 1120 3130 vegetans
1148 3042 1194 3120 cst
1220 3071 1250 3122 ct
1275 3071 1411 3138 quatenus

270 3145 391 3208 sensilis
412 3158 500 3218 agere
522 3143 658 3218 animam,
686 3147 726 3204 ita
748 3157 780 3206 ut
802 3166 853 3210 cor
875 3161 975 3228 utpote
1002 3157 1032 3216 in
1056 3171 1114 3233 quo
1137 3163 1176 3222 sit
1197 3170 1226 3223 ct
1247 3173 1346 3224 metus
1367 3163 1410 3236 (cl.

268 3245 342 3318 456,
357 3243 414 3317 20)
437 3250 466 3302 et
488 3258 631 3302 sensuum
654 3248 784 3307 omnium
807 3251 981 3328 principium
1004 3260 1056 3331 (de
1079 3271 1184 3324 somno
1200 3265 1234 3340 2)
1261 3266 1359 3341 ipsunt
1380 3266 1411 3326 sit

268 3349 341 3410 illud
363 3337 476 3408 κοινὸν
498 3335 718 3431 αἰσθητήριον
739 3351 791 3424 (de
807 3368 898 3413 seusu
914 3355 944 3431 7,
967 3360 1017 3418 uhi
1038 3363 1133 3439 logice
1154 3368 1234 3429 idem
1256 3368 1410 3443 dicitquod

267 3466 359 3528 quum
381 3449 410 3509 ln
433 3449 452 3507 l.
476 3449 514 3508 dc
536 3449 633 3509 anima
653 3453 689 3512 de
712 3469 835 3528 corpore
860 3455 927 3529 ipso
956 3467 985 3517 et
1006 3465 1138 3536 partibus
1161 3469 1224 3530 eius
1247 3486 1306 3530 non
1330 3487 1410 3546 agen·

267 3556 338 3614 dum
365 3551 452 3612 luerit
479 3551 619 3610 disertius
646 3553 764 3612 demum
791 3564 820 3614 et
840 3559 1041 3636 physiologice
1063 3567 1094 3624 in
1115 3570 1135 3626 l.
1169 3571 1205 3630 de
1227 3587 1332 3636 somno
1355 3571 1409 3632 cli

265 3686 308 3700 —-
320 3657 356 3749 cl.
370 3652 476 3712 devita
486 3649 507 3711 3
519 3682 560 3698 η
575 3653 700 3750 explicat
722 3671 830 3718 sensus
851 3667 1017 3725 communis
1034 3683 1176 3742 organum
1189 3687 1240 3734 cor
1251 3691 1317 3736 assa
1328 3684 1407 3749 atque

263 3759 343 3817 hunc
363 3753 463 3829 ipsum
487 3754 674 3827 potissimum
695 3759 714 3815 l.
739 3760 775 3818 de
803 3777 907 3822 somne
933 3767 1032 3828 locum
1058 3779 1170 3844 spectat
1197 3784 1226 3834 at
1247 3776 1295 3836 illa
1317 3776 1407 3836 dudo

263 3861 282 3918 l.
305 3854 342 3916 de
365 3869 431 3930 gen.
448 3852 514 3926 5,2
542 3862 571 3914 et
591 3855 696 3918 similis
724 3861 813 3920 altera
840 3866 876 3924 de
898 3875 970 3939 part.
994 3871 1221 3950 οο.2,1.647,
1239 3877 1310 3952 26),
1344 3894 1405 3940 cum

263 3973 322 4034 quo
345 3963 440 4018 cetera
463 3969 605 4016 sensuum
627 3975 735 4034 ergene
757 3965 862 4036 partita
884 3970 1069 4033 manifestius
1082 3976 1258 4062 (φανερῶς
1272 3977 1344 4054 656,
1357 3976 1403 4040 30.

261 4058 401 4133 469,12.
418 4057 468 4120 20.
493 4058 599 4132 quihus
622 4062 694 4121 locis
718 4065 873 4140 respicitur
894 4073 931 4131 ad
953 4075 972 4132 l.
996 4077 1032 4136 de
1053 4090 1147 4138 sensu
1162 4079 1198 4154 2)
1224 4082 1327 4156 partim
1355 4081 1404 4140 oh·

212 4201 215 4206 ι
261 4163 378 4224 scurias
409 4161 493 4220 vonis
526 4163 700 4236 sanguinem
733 4167 908 4230 ducentibus
942 4175 994 4248 (cl.
1015 4178 1084 4238 hist.
1108 4192 1154 4240 an.
1170 4180 1200 4255 3,
1214 4180 1248 4243 3.
1263 4182 1333 4256 514,
1350 4181 1402 4253 22)

259 4265 417 4326 coniuncta
425 4269 509 4324 sunt:
525 4275 592 4322 narn
604 4265 686 4324 nisus
698 4283 817 4342 quoque
828 4275 929 4346 organi
941 4281 1055 4338 meatus
1065 4271 1401 4365 (adsocietcudituset

256 4369 390 4439 ollactus,
412 4374 531 4440 propter
553 4383 628 4441 quos
652 4369 764 4428 eerehri
786 4372 883 4444 potius
907 4392 1014 4440 seusus
1030 4395 1215 4447 omnesesse
1229 4389 1400 4461 quihusduu
