3024 5162
831 355 894 415 224

291 529 444 589 collatione
473 528 680 587 Choercraonis
708 526 825 599 (Collot.
849 534 964 600 potrum
979 523 1066 598 ton
1090 525 1135 582 ed.
1161 522 1245 582 Basil.
1269 518 1365 594 1465)
1395 521 1423 578 dc

291 633 532 708 philosophorum
566 629 734 704 imaginaria
767 629 892 703 (quippe
923 629 1100 702 voluptatem
1133 633 1165 685 ut
1196 625 1371 700 reprimente
1394 621 1425 682 ia

292 735 485 805 concedente)
513 732 642 791 castitate
668 733 784 790 locutus
812 732 1007 790 narrationem
1034 731 1112 790 illam
1139 730 1243 788 eodem
1270 728 1331 786 lere
1352 741 1425 800 quarn

292 836 553 896 Pseudoristoteles
589 841 691 892 tenore
727 834 766 892 lta
802 833 913 892 retulit:
936 833 1112 922 „lienique
1145 830 1359 890 famosissimus
1388 828 1426 886 illc

292 939 424 1011 ipsorum
447 938 581 996 Socrates
605 937 661 994 hoc
683 944 714 994 ut
736 935 793 1009 ipsi
815 936 964 994 celebrant
986 937 1022 994 de
1045 951 1077 994 se
1096 951 1155 994 oon
1172 933 1289 994 eruhuit
1304 930 1425 1009 profiteri.

292 1041 363 1098 Nom
386 1055 452 1097 cum
475 1037 593 1096 intuens
616 1053 684 1096 eum
718 1037 857 1112 quidam
890 1039 1178 1112 physiognomon
1202 1037 1326 1096 dixisset
1345 1049 1426 1092 omma

292 1143 459 1216 pederastu‚
483 1141 539 1196 hoc
560 1147 606 1198 est
629 1140 705 1199 oculi
727 1140 906 1214 corruptoris
928 1156 1098 1214 puerumm
1121 1149 1151 1199 et
1171 1140 1318 1201 irruentes
1333 1137 1425 1195 iacuor

292 1243 429 1316 discipuli
451 1244 553 1302 ulcisci
575 1245 687 1302 illatum
714 1242 853 1316 magistro
876 1243 984 1301 vellent
1006 1243 1185 1314 convicium,
1213 1241 1425 1315 indignationem

293 1361 394 1403 corum
419 1348 472 1404 hoc
496 1346 602 1404 dicitur
623 1345 837 1419 compressisse
853 1340 1424 1418 sententia—midestqniesciteo

293 1446 421 1520 sodales,
444 1448 552 1506 etenim
575 1465 641 1507 sum
664 1446 864 1506 sedeontineo
878 1447 979 1519 (me)''.
1009 1447 1171 1519 „Quidam”
1182 1448 1231 1506 ille
1242 1446 1333 1522 igitur
1343 1451 1426 1518 postea

293 1549 456 1621 appellatus
478 1557 524 1606 est
545 1549 674 1608 Polemo.
717 1549 780 1606 lam
801 1563 870 1607 vcro
898 1549 974 1608 sieut
998 1550 1027 1608 iu
1050 1551 1146 1610 tabula
1168 1552 1222 1609 hoc
1244 1547 1426 1606 lacertosum

294 1657 425 1708 veterum
455 1653 637 1723 quorundam
670 1650 977 1726 physiognomicorum
1007 1652 1138 1724 nomino,
1172 1652 1211 1710 ito
1238 1649 1307 1708 libri
1329 1661 1426 1722 qaoque

294 1733 345 1825 qui
367 1746 531 1810 secundum
554 1751 710 1826 Origenem
737 1755 815 1826 apud
838 1754 964 1812 Graecos
990 1755 1158 1812 ferebantur
1179 1753 1287 1827 Zopyri
1314 1758 1342 1811 ct
1361 1750 1426 1808 Polo

294 1853 390 1912 monis
416 1861 546 1912 veterum
574 1854 692 1912 illorum
724 1855 894 1927 nominihus
927 1856 1049 1930 arreptis
1076 1855 1221 1930 suppositi
1248 1855 1379 1916 videntur
1400 1851 1427 1908 oh

293 1955 462 2016 auctoribus
489 1956 661 2027 Platonicis,
684 1957 720 2013 cl.
744 1955 911 2016 Polemonis
934 1957 1143 2032 praefationem
1169 1965 1198 2018 et
1225 1973 1301 2031 quoe
1323 1955 1425 2028 Neopla·

293 2057 424 2114 tunicum
452 2058 538 2131 plone
565 2065 715 2116 auctorem
741 2059 869 2130 produnt
896 2058 968 2117 Loxi
996 2059 1045 2118 illo
1067 2061 1143 2134 apud
1167 2059 1275 2120 Alhert.
1299 2077 1328 2135 p.
1343 2057 1381 2120 20
1399 2057 1425 2116 de

293 2158 459 2216 auimoeln
481 2160 624 2232 sanguine
648 2161 718 2217 sede
742 2167 771 2217 et
793 2160 944 2232 spiritibus
967 2161 1038 2234 „qui
1060 2161 1193 2220 vehiculo
1215 2169 1286 2221 suut
1308 2163 1425 2222 virtutum

293 2257 387 2330 eius'’‚
420 2258 529 2342 ψυχῆς
562 2247 720 2342 ὀχήματα.
764 2261 836 2318 Loxl
870 2263 956 2320 istius
982 2264 1033 2336 qui
1061 2271 1211 2336 praetereo
1237 2263 1343 2322 citatur
1364 2259 1424 2334 opud

293 2355 356 2416 Alh.
380 2375 408 2432 p.
425 2357 475 2418 22.
492 2360 542 2420 26.
559 2359 609 2420 27.
626 2359 677 2422 34.
692 2360 743 2422 35.
760 2358 810 2422 36.
828 2360 878 2422 67.
895 2362 944 2424 71.
962 2362 1012 2424 76.
1029 2363 1080 2439 77,
1103 2355 1276 2440 plerumque
1297 2381 1361 2426 cum
1374 2362 1424 2422 Phi-

292 2460 409 2518 lemoac
442 2469 491 2519 out
524 2479 592 2522 cum
624 2465 780 2523 Polemone
813 2465 1000 2538 coniungitur
1032 2469 1175 2540 sententia
1208 2469 1260 2542 (cl.
1291 2469 1321 2529 in
1343 2466 1424 2528 codice

293 2563 422 2634 quodam
433 2562 634 2638 Marhurgensi
649 2573 730 2624 tract.
745 2565 959 2639 phisionomioe
972 2567 1055 2626 cuius
1067 2577 1169 2628 auctor
1184 2585 1220 2630 eu
1235 2571 1330 2632 trihus
1344 2575 1424 2628 outo

293 2661 428 2720 ritatihus
450 2663 650 2724 Loxi·medici
671 2666 835 2726 Aristotelis
861 2669 1029 2743 philosophi
1051 2671 1218 2730 Polemonis
1241 2667 1424 2733 declamatoris

293 2779 348 2823 suo
376 2780 408 2823 se
435 2765 561 2840 elegisse
588 2769 735 2840 praelatus
763 2777 807 2827 est
834 2786 892 2829 sec.
918 2770 948 2828 G.
972 2772 1002 2830 F.
1026 2773 1224 2834 Henuonuum
1256 2775 1288 2834 in
1316 2773 1423 2842 dotatag.

292 2867 377 2924 codd.
402 2867 448 2925 lot.
473 2869 616 2943 Morhurg.
630 2867 715 2930 1838
729 2888 756 2944 p.
771 2868 815 2943 7).
861 2872 955 2946 Atque
978 2875 1050 2934 haec
1073 2877 1191 2949 quidem
1206 2879 1325 2938 nomino
1340 2877 1423 2936 eadem

292 2985 393 3028 revera
415 2986 482 3029 esse
504 2979 591 3045 potet,
613 2973 682 3030 licet
704 2971 836 3032 diversos
859 2982 993 3034 auctores
1006 2977 1423 3040 manilestcroluerithlhertus

289 3071 334 3144 (p.
351 3070 401 3132 20.
419 3071 475 3146 26)
499 3074 586 3132 modo
610 3075 688 3132 hunc
711 3075 798 3132 modo
821 3075 902 3136 illum
925 3077 1019 3140 citans
1042 3078 1258 3151 (Philemonem
1282 3097 1310 3156 p.
1323 3077 1422 3140 2664.

289 3170 341 3232 35.
359 3171 410 3246 rt,
434 3175 619 3232 Polemonem
642 3190 669 3246 p.
685 3173 737 3232 22.
754 3173 804 3234 26.
821 3175 872 3236 27.
889 3175 939 3238 36.
955 3177 1006 3241 38.
1024 3181 1074 3242 66.
1091 3182 1141 3243 76.
1158 3181 1208 3244 77.
1236 3184 1384 3258 utriusque
1402 3187 1423 3238 et

291 3275 362 3332 hori
384 3275 423 3334 de
445 3275 582 3350 prudenti
610 3275 759 3350 signorum
788 3294 844 3337 usu
872 3295 907 3338 ex
930 3283 1083 3354 prooemio
1110 3295 1143 3346 ut
1164 3286 1279 3346 videtur
1301 3287 1423 3348 lihrtuum

289 3377 463 3436 senteutiam
485 3379 568 3452 ponit
590 3395 617 3451 p.
634 3375 684 3436 26.
710 3379 744 3437 ci.
769 3387 839 3438 extr.
863 3373 952 3442 verba
974 3385 1085 3447 Secreti
1108 3387 1210 3459 drist.)
1241 3389 1281 3446 ito
1308 3397 1340 3450 ut
1357 3389 1423 3446 ⁴duos

289 3485 367 3538 certe
399 3480 491 3540 lihros
523 3481 632 3556 legisse
666 3481 850 3557 intelligatur,
884 3487 1083 3561 nequidquam
1118 3489 1183 3548 illos
1218 3499 1249 3551 ut
1281 3493 1422 3566 fragmenta

287 3583 449 3642 ostendunt
480 3584 566 3657 plane
597 3583 717 3644 dissona
744 3587 781 3643 od
808 3585 951 3646 Graecum
983 3605 1072 3661 quem
1099 3591 1226 3665 legimus
1251 3593 1421 3656 Polemonem

288 3685 477 3757 pertinentes.
528 3686 660 3754 Quorum
692 3703 770 3746 unus
804 3688 858 3748 fuit
886 3689 912 3747 is
942 3691 993 3764 qui
1027 3705 1064 3750 cx
1091 3692 1202 3752 Graeco
1228 3709 1334 3757 versus
1359 3691 1422 3768 apud

288 3785 398 3844 drohes
420 3787 568 3847 terebatur
588 3788 625 3847 de
635 3789 859 3864 physiognomia
871 3791 1049 3857 Philemonis
1062 3795 1118 3868 (ar.
1131 3793 1278 3872 Falimhu)
1295 3798 1421 3868 cuiusque

287 3903 506 3962 huncquoque
533 3898 610 3949 extat
636 3898 733 3952 textus
755 3893 897 3954 Arabicus
925 3895 976 3967 (cl.
999 3895 1136 3963 Wearieh
1158 3915 1187 3973 p.
1203 3899 1274 3962 296.
1302 3900 1420 3960 hschem.

286 4007 332 4065 op.
356 3991 482 4051 Hodschi
506 3992 559 4050 llh.
576 3991 605 4066 t,
622 3991 694 4054 589.
718 3993 937 4072 dhulloradsch.
962 3998 1029 4056 hist.
1054 4001 1167 4075 dynast.
1191 4020 1219 4078 p.
1233 4000 1274 4066 56
1296 4004 1361 4065 Pac
1382 3996 1422 4073 qui

286 4095 323 4152 de
346 4093 515 4155 Philemone
540 4089 722 4170 Hippocratis
748 4100 864 4173 aequali
891 4107 1047 4174 postquam
1074 4102 1364 4166 oschemateddtnum
1384 4115 1422 4159 se

238 4232 240 4236 >
286 4205 371 4256 cutus
398 4199 474 4258 sicut
495 4197 622 4256 Hodschi
645 4199 699 4258 llh.
720 4201 750 4274 4,
767 4197 830 4262 589
843 4219 887 4276 sq.
917 4203 1044 4262 fabulam
1075 4204 1154 4264 illam
1181 4209 1305 4268 narravit
1330 4208 1366 4268 ita
1390 4201 1422 4261 dit

284 4301 357 4372 „list
377 4300 419 4358 illi
441 4303 497 4360 hoc
519 4299 549 4359 iu
572 4315 678 4374 genere
701 4303 776 4364 liber
798 4305 881 4364 cuius
905 4307 1054 4380 exemplar
1080 4310 1159 4382 opud
1180 4326 1236 4370 uos
1257 4311 1355 4385 lingua
1376 4305 1421 4378 Sy·

191 4429 192 4434 κ
282 4402 359 4460 risco
382 4405 509 4478 extot'');
532 4422 549 4463 o
571 4420 630 4478 quo
654 4407 755 4465 nescio
778 4423 814 4468 aa
839 4407 973 4467 diversus
997 4409 1131 4470 fueritis
1156 4429 1241 4485 quem
1266 4428 1331 4473 cnm
1345 4405 1421 4468 liaris
