3036 5164
649 345 709 410 159

98 521 222 596 quidem
243 513 276 600 μ’
312 521 452 596 scriptum
480 536 547 580 esse
575 521 709 594 sequitur
737 519 858 576 alterum
887 532 956 576 vero
990 529 1056 574 corn
1079 514 1152 574 libro
1176 530 1254 574 nouo

98 625 293 684 coniunctum
327 625 420 684 luisse
454 624 548 697 (quod
578 623 664 682 etiam
693 639 727 682 ea
755 636 830 696 quae
853 626 898 678 est
920 615 1007 690 l.3‚·2
1030 617 1165 676 citatione
1187 633 1255 692 pro-

96 727 189 786 bator
205 723 326 798 admo
348 725 519 799 manifesto,
552 741 611 783 non
639 741 708 784 vero
737 739 804 782 cum
831 722 912 781 Alex.
942 727 970 779 et
993 721 1063 778 Bon.
1087 738 1115 795 p.
1133 717 1196 780 574
1218 719 1253 777 cl.

98 831 228 890 Brandis
251 831 325 888 tlber
347 830 393 887 br.
418 830 484 888 Met.
507 845 535 902 p,
551 825 593 887 85
622 828 658 885 ad
684 823 816 884 timide
839 824 927 883 Coelo
943 821 1009 894 t‚7
1030 824 1118 896 longe
1141 821 1275 882 diversa*
1349 809 1352 814 ’

97 932 145 990 illa
170 932 359 1004 referenda),
388 931 427 990 lta
453 938 484 988 ut
508 931 672 990 secundum
694 927 822 987 auctoris
845 931 972 984 mentem
995 925 1041 982 bis
1063 923 1146 997 libris
1169 912 1253 1001 Μ

95 1023 125 1114 γ’
150 1025 180 1094 δ’
207 1022 233 1094 a'
257 1023 283 1110 ζ
304 1023 335 1116 η’
357 1023 393 1096 a'
419 1022 440 1092 ι’
465 1021 491 1091 ν’
526 1034 571 1105 (at
596 1030 728 1107 perditus
756 1036 801 1089 ost
828 1029 902 1088 liber
923 1017 969 1099 δ’)
1008 1043 1134 1100 quornm
1168 1041 1255 1100 argu·

97 1145 233 1196 mentum
269 1137 478 1210 doctrinaeque
510 1135 637 1194 ambitus
670 1133 735 1192 libri
769 1131 892 1192 secundi
920 1127 1142 1203 quaestionibus
1167 1127 1254 1200 plene

98 1240 280 1300 describitur
301 1271 342 1280 -
365 1245 410 1296 est
432 1236 511 1296 euim
538 1238 574 1296 de
597 1234 760 1294 substantia
788 1241 817 1292 et
838 1249 898 1291 uno
921 1264 962 1272 -
985 1229 1094 1303 quique
1120 1229 1197 1288 inter
1221 1243 1254 1288 sc

98 1341 289 1401 citationibus
312 1341 363 1414 (ol.
385 1341 449 1399 tab..
468 1339 556 1398 citatt.
580 1355 625 1412 ap.
649 1338 825 1410 Scbuegler.
842 1336 907 1393 Met.
924 1335 954 1405 4,
971 1328 1033 1392 384
1046 1332 1127 1405 sqq.)
1150 1346 1253 1389 omnes

98 1444 231 1503 vicissim
255 1443 483 1516 coniunguntur,
507 1441 706 1515 metaphysica
728 1438 956 1512 doctrinaplena
972 1432 1252 1500 etabsolulaluerit,

99 1547 169 1605 libri
191 1562 260 1605 vero
283 1535 310 1604 κ’
335 1536 363 1605 t‘
384 1535 419 1622 μ’
443 1552 472 1602 et
493 1561 510 1602 a
531 1543 678 1618 prioribus
706 1543 813 1616 quibus
841 1538 1001 1612 antiquitus
1028 1541 1147 1611 propter
1169 1546 1254 1604 argu-

99 1649 192 1708 menti
220 1648 441 1708 similitudinem
468 1646 698 1705 adnectebantur
721 1652 749 1704 et
770 1644 847 1702 inter
869 1657 901 1700 se
923 1639 1014 1714 alieni,
1038 1636 1097 1694 sint
1119 1641 1148 1692 et
1170 1649 1254 1708 sepa-

99 1753 164 1810 rati.
220 1753 292 1812 Nam
323 1751 415 1812 libros
449 1738 556 1831 ε’-ἤ
596 1747 646 1822 qui
680 1761 750 1822 prae
784 1743 889 1802 ceteris
923 1742 958 1797 de
992 1735 1156 1796 substantia
1187 1735 1254 1794 libri

103 1854 291 1914 nominantur
313 1853 363 1926 (ol.
391 1851 421 1925 9,
438 1851 466 1911 2.
482 1848 513 1923 8,
530 1848 558 1908 1.
575 1847 605 1921 8,
621 1845 657 1922 8)
685 1852 850 1922 sequuntur
876 1839 942 1899 libri
970 1840 1028 1896 duo
1057 1837 1093 1896 de
1120 1835 1253 1894 acciden-

106 1953 185 2012 tibus
205 1955 282 2027 (sive
303 1953 606 2028 ‚,consequentibus’')
640 1950 819 2010 substantiae
848 1941 1062 2002 universalibus
1096 1938 1147 2010 (cl.
1170 1937 1252 1995 Alex.

104 2071 153 2130 ap.
167 2056 263 2114 Averr.
274 2053 421 2130 adegit),
445 2064 474 2115 et
496 2053 614 2129 quidem
630 2055 648 2110 l.
662 2041 698 2112 θ’
722 2051 757 2108 dc
780 2045 907 2122 potentia
931 2043 1010 2118 quod
1022 2050 1067 2100 cst
1079 2037 1253 2098 diversitatis

102 2157 280 2232 principium
301 2137 328 2216 et
351 2147 374 2217 ι’
398 2159 434 2216 de
457 2172 516 2216 uno
540 2158 569 2215 in
592 2171 650 2230 quo
663 2153 792 2212 cernitur
804 2156 886 2208 actus
898 2147 1018 2226 turmae,
1032 2157 1116 2202 suam
1127 2141 1253 2215 quisque

101 2261 303 2334 quaestionem
327 2260 367 2318 ita
389 2275 507 2317 omnem
519 2257 802 2332 comprehendentes
824 2258 857 2309 ut
868 2249 953 2325 quasi
965 2245 1091 2321 separati
1103 2246 1255 2332 videantur

101 2362 220 2422 libriet
242 2361 449 2434 sui'uominis‚
477 2330 564 2420 simul
586 2375 656 2420 vero
679 2359 716 2416 de
738 2353 899 2431 substantia
927 2349 1153 2424 disputationem
1176 2361 1253 2405 nexu

100 2463 270 2524 necessario
299 2469 523 2537 persequantur.
568 2463 640 2520 Nam
672 2459 760 2518 etiam
794 2458 830 2514 de
856 2451 986 2528 potentia
1013 2455 1152 2508 tractatus
1179 2447 1253 2505 libro

99 2565 191 2640 priori
224 2574 414 2640 praeparatus
445 2566 485 2624 ita
518 2565 642 2624 infertur
674 2560 733 2620 acsi
768 2573 827 2616 non
860 2556 926 2628 ipso
966 2566 1064 2610 rerum
1102 2564 1180 2608 nexu
1218 2563 1253 2606 ex

100 2669 299 2744 disputatione
321 2667 370 2726 illa
392 2669 428 2725 de
451 2666 614 2726 substantia
637 2661 770 2723 sensibili
782 2668 811 2719 et
826 2655 997 2730 composita,
1013 2652 1162 2728 quomodo
1179 2665 1254 2724 quac

100 2772 137 2830 sit
159 2771 291 2845 potentia
314 2778 343 2828 et
365 2777 430 2828 actu
453 2769 569 2828 diversa
591 2774 688 2826 tamen
712 2764 750 2824 sit
772 2762 891 2821 notione
913 2773 972 2818 una
995 2767 1172 2828 quamquam
1197 2751 1254 2810 alic

98 2875 189 2933 modo
213 2889 272 2932 una
295 2889 382 2948 quam
403 2887 483 2930 mere
506 2868 707 2944 intelligibilia,
730 2866 856 2942 pendeat
876 2867 904 2918 et
926 2861 998 2916 haec
1021 2853 1153 2928 quaestio
1177 2853 1255 2910 etdo

97 2992 158 3036 uno
182 2976 232 3034 illa
255 2977 392 3048 (utraque
415 2973 492 3033 euim
509 2969 573 3044 7,6
597 2969 680 3045 quasi
703 2967 853 3028 nuntiatur
875 2970 903 3020 et
925 2957 1071 3018 sermonis
1087 2955 1155 3013 inde
1168 2954 1253 3028 quasi

99 3079 246 3154 originem
268 3077 381 3151 trabit),
416 3077 469 3136 sed
502 3082 587 3133 antea
620 3075 657 3132 de
690 3067 853 3130 substantia
884 3066 950 3122 looo
984 3059 1148 3134 singulares
1175 3056 1254 3115 illius

100 3180 232 3241 nominis
265 3179 495 3254 significationes
528 3175 661 3236 tractanti
689 3173 739 3246 (cl.
764 3167 793 3241 5,
810 3167 924 3238 2init.)
958 3161 1141 3220 extrinsecus
1171 3158 1254 3232 quasi

100 3286 175 3343 baec
198 3281 284 3340 etiarn
307 3282 443 3340 addatur:
477 3295 544 3336 nam
568 3278 593 3336 si
615 3271 755 3350 prooemii
784 3271 871 3329 verba
895 3263 1046 3340 exceperis
1068 3261 1133 3335 ipsa
1155 3261 1256 3334 dispu-¹

98 3385 171 3445 tatio
207 3399 300 3457 aeque
334 3383 379 3442 sul
412 3383 484 3441 iuris
510 3389 557 3440 est
582 3387 611 3438 et
632 3396 649 3438 a
671 3375 818 3451 prioribus
846 3371 925 3444 quod
952 3370 988 3427 ad
1015 3373 1164 3426 externam
1191 3363 1256 3423 libri

100 3488 207 3547 laciem
241 3485 325 3560 quasi
358 3485 453 3543 soluta
486 3499 519 3542 ac
552 3483 626 3540 liber
648 3470 680 3550 ι’,
715 3491 773 3550 quo
806 3481 903 3530 tamen
937 3487 974 3528 ex
1000 3469 1064 3542 ipso
1092 3464 1256 3524 Aristotelis

100 3588 227 3650 consilio
250 3597 383 3648 octavum
407 3586 573 3646 immediate
596 3578 759 3642 continuari
782 3581 882 3634 contra
904 3570 1014 3630 Bonitz.
1037 3564 1181 3643 p21sq.
1203 3567 1255 3640 (cl.

99 3690 265 3752 Ravaisson
281 3690 293 3747 l
307 3705 335 3764 p.
353 3685 411 3762 95)
446 3688 592 3747 contendo
621 3686 672 3758 (cl.
696 3683 781 3742 etiam
798 3675 828 3750 3,
844 3673 920 3746 M,
936 3670 966 3733 3.
982 3671 1012 3744 9,
1029 3669 1064 3746 9)
1092 3677 1121 3728 et
1146 3669 1257 3729 citatio-

99 3794 192 3854 nibus
227 3767 308 3850 oum'
322 3791 386 3850 aliis
414 3790 497 3850 libris
524 3788 680 3848 coniuncto
708 3785 759 3859 (cl.
776 3781 806 3854 9,
822 3779 851 3838 2.
867 3775 896 3839 3.
912 3777 942 3834 4.
960 3773 995 3847 6)
1030 3782 1059 3833 ct
1084 3783 1257 3850 praeparato

100 3896 191 3956 etiam
223 3893 395 3968 quaestione
428 3893 494 3951 libri
515 3882 545 3971 β’
574 3889 729 3950 undecima
762 3885 839 3945 sieut
870 3877 1043 3940 duodecima
1070 3883 1258 3951 praeparatur

100 3999 177 4058 liber
198 3984 236 4069 ν’,
271 3995 320 4070 qui
348 4002 466 4071 peracto
500 3996 542 4053 de
564 4007 624 4051 uuo
651 3997 680 4050 et
701 3984 844 4048 contrario
873 3996 1010 4042 sermone
1033 3977 1180 4052 quomodo
1203 3977 1258 4032 bae

101 4101 185 4174 ipsae
209 4097 345 4157 notiones
367 4098 399 4156 in
421 4096 637 4156 Platonicorum
659 4095 696 4153 de
718 4087 849 4149 numeris
873 4085 1004 4144 doctrina
1026 4081 1140 4140 valeant
1162 4078 1213 4150 (ol.
1227 4073 1257 4146 9,

101 4201 131 4262 2.
151 4198 181 4260 5.
198 4196 255 4272 lo)
279 4199 433 4273 diligenter
453 4197 607 4271 inquirens
634 4195 700 4254 libri
723 4194 759 4251 de
781 4205 841 4248 uno
864 4185 1010 4261 appendix
1033 4181 1175 4254 quaedam
1202 4185 1256 4236 est.

101 4304 164 4362 Nec
186 4301 260 4360 illud
283 4299 373 4359 officit
393 4300 533 4374 (Brendis
555 4299 603 4358 Ar.
626 4297 692 4356 llet.
715 4313 744 4370 p.
760 4289 811 4354 85.
836 4292 908 4348 Bon.
925 4305 954 4362 p.
970 4282 1026 4357 27)
1049 4281 1127 4355 quod
1149 4280 1180 4337 in
1202 4279 1259 4336 boe

102 4405 208 4464 eadem
230 4417 306 4476 quae
322 4399 383 4475 9,l
414 4403 451 4460 dc
473 4416 533 4460 uno
562 4409 592 4460 et
618 4406 711 4460 metro
739 4414 775 4454 ex
801 4393 895 4467 ipsius
922 4383 1086 4448 Aristotelis
1114 4380 1258 4440 sententia
