3036 5164
264 485 376 558 ingnata
410 479 463 538 luit
496 493 635 552 generum
671 477 876 536 contaminatio
903 486 931 537 et
958 493 1046 554 prosa
1080 478 1172 537 orado
1200 478 1276 538 lustu
1307 476 1417 550 poetico

265 584 354 644 mixto
377 581 542 656 quibusque
566 575 657 654 (velut
673 578 824 657 dionysio)
847 582 906 640 acii
930 580 1142 654 vituperatione
1165 580 1250 654 digna
1267 579 1419 638 videbatur

264 685 393 745 Platonis
415 682 444 740 in
467 681 599 739 Phaedro
623 681 785 740 sublimitas
800 713 851 754 —-,
875 681 957 742 utin
982 683 1038 742 hoc
1060 681 1219 742 certamine
1241 680 1345 740 oninis
1361 679 1419 737 cius

267 804 374 848 sensus
397 784 563 858 mentisque
585 783 700 842 indoles
724 784 837 842 radices
861 783 945 858 quasi
968 799 1055 857 agere
1077 783 1205 857 indeque
1221 783 1257 840 ali
1270 781 1420 858 ingenium

266 889 411 958 videatur,
446 893 478 944 ut
505 885 554 958 qui
582 887 657 944 benc
685 885 860 960 intelligeret
886 884 962 942 eirca
989 884 1077 942 verba
1111 883 1220 944 differri
1246 885 1422 958 plerumque

267 989 417 1050 hominum
448 1001 555 1044 sensus
574 993 612 1067 pt
639 987 737 1046 verbis
764 986 976 1060 utplurimum
999 983 1108 1058 decipi,
1131 985 1316 1046 liberandam
1340 984 1423 1058 igitur

206 1082 210 1094 '
267 1091 384 1166 penitus
408 1104 475 1146 esse
498 1087 712 1160 philosophiam
737 1089 773 1147 ab
797 1095 901 1148 ornatu
934 1088 983 1146 ille
1006 1087 1121 1160 poetico
1148 1087 1198 1161 qui
1221 1087 1341 1146 Platoni
1364 1086 1423 1160 qui·

268 1195 333 1252 dem
356 1207 456 1250 rerum
479 1189 589 1248 unitate
611 1204 680 1248 vera
702 1205 781 1250 nuuc
803 1191 929 1263 primum
952 1197 1066 1263 reperta
1089 1205 1156 1248 csse
1168 1190 1250 1248 ideas
1262 1188 1422 1248 identidem

269 1292 436 1362 inculcanti,
460 1295 560 1362 utpote
583 1288 682 1348 re'rum
705 1291 891 1350 sensibilium
914 1291 998 1365 quasi
1021 1291 1123 1350 victori
1146 1299 1175 1350 et
1196 1291 1340 1365 religioso
1356 1303 1422 1363 quo·

269 1398 336 1455 dam
370 1408 469 1452 amore
506 1399 535 1449 at
556 1392 593 1449 ab
616 1391 665 1448 illo
688 1394 768 1465 quod
790 1393 936 1452 Aristoteli
960 1401 1006 1454 est
1026 1385 1065 1454 τὸ
1088 1385 1299 1476 φιλοσοφίας
1322 1385 1424 1474 διψῆν

269 1495 396 1556 maxime
420 1495 535 1552 diverso
559 1493 748 1566 triumphanti
771 1494 854 1553 lacile
876 1497 1019 1568 adhaesit,
1042 1495 1253 1554 removendum
1269 1511 1342 1556 esse
1358 1493 1423 1552 illud

270 1599 349 1672 quod
373 1595 518 1670 cogitandi
541 1595 653 1654 ratione
677 1595 707 1653 iu
730 1596 849 1655 unitatis
871 1599 1009 1670 gaudium
1033 1598 1142 1658 directa
1165 1607 1194 1658 et
1210 1596 1353 1664 intuitiva
1370 1596 1423 1652 lere

271 1707 300 1758 et
326 1697 440 1772 poetica
473 1695 574 1754 nititur
606 1695 814 1777 interpretandi
847 1699 998 1758 arbitrium
1032 1700 1063 1760 iu
1092 1700 1210 1760 Platone
1243 1699 1367 1773 quidem
1392 1695 1423 1754 ad

271 1799 370 1859 omnia
392 1799 452 1856 lere
476 1799 577 1888 secula
598 1806 750 1858 aeternum
772 1801 980 1874 atquecedere
1003 1802 1110 1860 debere
1126 1800 1320 1876 disputationi
1336 1799 1424 1856 iustae

272 1910 301 1962 et
323 1909 403 1960 certo
427 1901 550 1961 consilio
578 1900 748 1973 procedenti
775 1901 957 1960 eiuratione
980 1904 1067 1976 plana
1092 1911 1121 1962 et
1142 1903 1300 1978 perspicua
1323 1909 1353 1960 et
1374 1896 1423 1972 ipsi

272 2003 386 2062 notioni
419 2003 544 2073 eiusque
578 2001 740 2061 evidentiae
763 2003 925 2076 adaequata
946 2005 1173 2077 pulcritudinem
1196 2005 1274 2064 illam
1301 2005 1425 2078 quaeat

271 2105 380 2164 incedit
403 2105 495 2162 relata
517 2104 615 2178 specie
638 2104 678 2162 ita
699 2119 860 2176 numquam
882 2121 941 2164 non
965 2115 1078 2166 amatur
1099 2107 1168 2180 quia
1182 2121 1347 2180 numquam
1360 2099 1423 2162 satis

272 2204 481 2278 introspicitur.
525 2205 640 2264 Etenim
662 2205 696 2262 'si
723 2203 752 2260 in
776 2219 812 2262 eo
834 2205 895 2264 lere
929 2207 1050 2268 historia
1083 2209 1234 2282 religionis
1261 2207 1424 2266 continetur

272 2317 305 2368 ut
327 2307 443 2366 animus
467 2312 545 2364 recte
569 2307 678 2366 sentire
702 2305 810 2379 quibus
832 2307 972 2382 religetur
999 2317 1027 2368 at
1049 2311 1085 2368 ab
1109 2311 1174 2383 ipsa
1196 2309 1343 2384 sapientia
1365 2318 1423 2364 vera

272 2424 370 2469 amare
405 2409 577 2478 edoceatur,
610 2409 667 2468 iem
695 2407 792 2466 omnis
819 2407 848 2466 iu
877 2425 912 2468 eo
940 2419 986 2470 cst
1014 2412 1218 2485 philosophiae
1248 2408 1373 2470 historia
1397 2411 1423 2462 ul

273 2525 357 2568 mens
391 2511 519 2567 hunaana
552 2509 645 2568 discat
678 2511 769 2584 loqui.
817 2510 911 2584 Atque
944 2514 1016 2571 haec
1044 2515 1164 2588 quidem
1190 2527 1279 2573 causa
1307 2519 1354 2574 est
1379 2521 1423 2566 cul

272 2610 438 2670 Aristotelis
469 2610 497 2668 ia
525 2610 590 2684 ipso
618 2620 719 2672 contra
745 2602 874 2674 Platonis
901 2612 983 2672 ideas
1012 2624 1113 2676 contra
1139 2616 1254 2677 animae
1281 2622 1379 2690 partes
1400 2615 1423 2666 at

273 2715 330 2773 alia
350 2715 442 2772 multa
468 2713 639 2786 certamine,
675 2731 801 2788 quorum
831 2731 954 2776 sensum
982 2717 1031 2774 ubi
1055 2733 1115 2775 non
1137 2725 1247 2791 pugnat
1270 2703 1326 2778 sed
1349 2715 1423 2772 docet

274 2825 303 2875 et
324 2822 424 2874 narrat
445 2814 554 2889 optime
576 2817 765 2889 perspexisse
788 2815 967 2890 intelligitur,
991 2825 1019 2876 et
1042 2834 1158 2878 summa
1179 2819 1325 2880 iniustitia
1346 2812 1422 2876 luerit

275 2927 304 2978 et
330 2918 360 2974 in
387 2916 451 2990 ipsa
483 2916 626 2974 iniustitia
658 2931 805 2977 summum
839 2917 886 2976 ius
913 2935 1087 2994 summaque
1115 2922 1294 2982 auctoritas·
1328 2918 1422 2980 Fuisse

275 3026 374 3099 autern
396 3019 471 3076 hanc
493 3017 659 3078 Aristotelis
681 3019 829 3092 propriam
851 3019 981 3079 indolem
1004 3029 1033 3080 et
1056 3025 1162 3083 mentis
1178 3025 1243 3084 eius
1259 3024 1346 3098 quasi
1360 3018 1445 3079 sub-¹

276 3121 412 3180 stantiam
436 3121 558 3178 eandem
582 3120 639 3178 iam
662 3125 818 3194 antequam
841 3123 878 3179 ad
901 3123 1050 3182 Platonem
1072 3128 1224 3186 accederet
1246 3142 1301 3186 nec
1314 3128 1421 3185 denium

275 3225 364 3294 louge
397 3219 499 3294 viginti
533 3237 678 3280 annorum
711 3236 812 3280 errore
839 3229 868 3280 et
890 3223 999 3299 ingenii
1029 3229 1186 3288 certamine
1213 3243 1357 3288 emersam
1379 3220 1421 3280 dil

275 3331 344 3397 post
366 3320 495 3380 Platonis
518 3328 642 3380 mortem
667 3323 814 3384 effulsisse
832 3342 922 3398 quum
938 3328 1029 3388 libros
1045 3345 1124 3388 tarrac
1144 3340 1274 3390 servatos
1291 3329 1423 3390 scriberet

276 3441 331 3484 nee
354 3423 455 3482 multis
477 3422 535 3482 iam
559 3431 587 3482 et
610 3439 626 3482 e
648 3424 778 3484 Platonis
800 3426 861 3486 lere
884 3431 1031 3490 scatentia
1055 3431 1138 3491 libris
1161 3434 1334 3506 compositis
1356 3439 1421 3503 quos

246 3528 316 3586 -ita
339 3533 442 3600 postea
470 3524 604 3584 reliceret
630 3533 662 3584 ut
685 3543 844 3601 numquam
879 3545 931 3590 eos
958 3534 1047 3592 verbo
1074 3551 1304 3594 commemorare
1333 3533 1423 3604 digua-

277 3637 358 3688 retur
379 3629 414 3686 ad
438 3627 573 3700 propriae
597 3629 719 3687 rationis
742 3629 947 3690 confidentiam
975 3641 1004 3692 et
1017 3635 1154 3694 virtutem
1171 3653 1238 3696 eum
1251 3633 1421 3711 pervenisse

276 3731 306 3788 id
330 3736 408 3788 certe
432 3728 457 3786 si
480 3727 590 3802 ingenii
613 3728 677 3787 eius
703 3740 891 3792 monumenta
918 3743 1035 3807 spectas
1057 3753 1184 3800 ⁴aversus
1207 3755 1224 3796 a
1245 3739 1352 3798 sabulis
1373 3729 1421 3790 illis

277 3847 352 3906 quas
367 3837 508 3902 ⁸veterum
540 3829 656 3890 devita
688 3831 753 3890 eius
776 3832 891 3891 inscitia
923 3836 989 3896 tulit
1016 3838 1073 3898 sibi
1095 3849 1294 3914 repugnantes
1317 3841 1422 3908 fidaque

277 3931 422 4005 indignas,
446 3946 568 3990 aversus
596 3931 632 3988 ab
655 3948 798 3992 annorum
825 3937 958 3996 numeris
985 3939 1043 4000 illis
1071 3943 1148 4002 docti
1170 3942 1340 4016 Apollodori
1362 3947 1422 3996 con·

276 4034 386 4094 iectura
410 4031 491 4090 fultis
514 4039 543 4090 et
564 4036 764 4094 necessarium
786 4037 901 4098 ridetur
923 4047 952 4098 et
973 4042 1168 4104 manifestum.
1215 4045 1300 4104 Certe
1315 4041 1364 4118 qui
1378 4048 1423 4111 per

276 4135 378 4210 viginti
412 4150 507 4195 annos
541 4142 569 4193 et
596 4152 612 4193 a
640 4143 739 4196 tenera
773 4140 969 4202 adolescentis
1003 4145 1212 4220 septemdecim
1244 4161 1338 4206 annos
1370 4133 1419 4197 nati

277 4246 369 4299 aetate
393 4234 441 4308 (ab
464 4234 642 4310 ol.103,t
666 4245 694 4296 et
716 4241 855 4302 archonte
883 4243 1048 4317 Nausigene
1073 4248 1225 4320 usquead
1248 4235 1419 4312 01‚108,l)

198 4401 201 4408 ,
277 4339 426 4397 Platonem
450 4339 589 4398 assiduus
613 4339 722 4398 arrdivit
744 4342 837 4414 magis
861 4344 1028 4404 Platonicus
1057 4348 1162 4406 luisset
1184 4365 1269 4421 quam
1294 4339 1420 4408 luit-hri-
