3024 5162
700 363 762 426 217

149 536 269 590 constat
290 531 487 594 citationibus.
533 535 633 610 Neque
655 545 752 598 minen
776 556 812 598 ex
834 557 871 600 eo
893 544 971 616 quod
995 543 1031 602 de
1053 544 1192 604 sensibus
1214 540 1258 622 (4,
1273 541 1308 622 8)

150 631 193 691 de
215 647 288 692 voce
310 632 354 721 (4,
365 633 399 712 9)
422 638 458 695 de
481 653 593 696 somno·
610 638 718 718 (410)
741 643 778 700 de
801 641 928 720 seruiat,
941 643 994 722 11)
1017 646 1149 720 adiungit
1163 648 1308 721 quaedem

147 731 238 792 libris
265 736 302 794 de
328 737 461 812 portibus
483 735 687 819 (el.5,1in.)
720 751 753 804 ut
778 746 864 818 plena
897 756 977 808 esset
1002 747 1136 819 historia,
1171 747 1308 809 concludi

148 833 242 892 debet
266 835 451 900 Aristotelem
479 841 517 902 ita
546 844 631 904 etiam
658 847 885 922 psyebologicos
915 849 1047 924 quamuis
1075 850 1112 907 ad
1137 849 1306 924 zeologicos

145 936 244 996 libros
277 941 410 1010 proxime
443 944 609 1017 pertineant
634 946 680 1015 (ut
701 948 765 1021 ipse
788 949 832 1008 aitx
849 952 885 1010 de
907 969 935 1026 p.
959 969 984 1011 a.
1002 950 1077 1024 1.,1.
1102 952 1138 1010 de
1159 949 1304 1029 an.1,l.)

145 1038 350 1100 immiscuisse
372 1045 597 1121 physiologiam
630 1048 660 1107 id
683 1051 762 1124 quod
790 1052 855 1125 ipso
883 1055 948 1113 libri
973 1056 1010 1114 de
1035 1053 1130 1114 anima
1152 1055 1303 1128 prooemio

145 1143 326 1236 detenditur.
371 1147 443 1206 Nam
465 1149 596 1208 doctrina
620 1151 656 1209 de
678 1152 775 1212 anima
798 1142 830 1236 (ἦ
848 1152 908 1236 τῆς
921 1153 1030 1240 ψυχῆς
1041 1146 1170 1237 ἱστορία
1182 1157 1256 1229 402,
1268 1153 1302 1236 3)

145 1261 227 1320 quae
249 1255 293 1306 est
316 1235 390 1310 οἷον
412 1237 494 1331 ἀρχὴ
516 1249 582 1312 τῶν
603 1242 704 1328 ζώων,
727 1262 830 1329 utpote
850 1257 970 1316 maioris
993 1257 1141 1331 dignitatis
1157 1267 1185 1318 et
1200 1260 1303 1333 amplis

144 1349 259 1408 tudinis
282 1367 299 1408 a
320 1353 434 1427 relique
454 1353 588 1428 zoologia
609 1355 748 1428 peculiari
770 1373 859 1431 opere
881 1367 959 1420 recte
981 1368 1113 1434 separata
1135 1377 1250 1435 suoque
1273 1368 1302 1422 et

142 1447 410 1526 longo'prooernio
433 1471 542 1514 novum
565 1472 640 1530 opus
663 1463 695 1514 ut
717 1457 747 1514 in
769 1459 834 1518 Etb.
858 1462 1016 1536 Metapbys.
1040 1469 1094 1522 etc.
1118 1462 1301 1537 significante

143 1560 177 1614 et
198 1555 328 1628 priorum
350 1558 561 1616 sententiarum
584 1559 722 1632 diligente
746 1564 930 1622 enarratione
943 1571 1052 1650 ornata,
1075 1563 1114 1622 ita
1125 1572 1157 1648 nt
1168 1565 1300 1638 ineptum

142 1658 222 1717 locet
243 1659 319 1717 banc
340 1659 587 1720 introductionem
609 1661 693 1734 quasi
716 1662 834 1722 alteram
857 1680 967 1738 ponere
989 1672 1057 1738 pest
1078 1665 1200 1740 primam
1224 1683 1299 1740 quae

142 1760 330 1821 continentur
361 1761 436 1820 libro
470 1763 507 1820 de
539 1769 611 1835 part.
645 1777 692 1820 an.
726 1763 835 1835 primo,
868 1765 1032 1824 arctissimo
1064 1768 1237 1839 praesertim
1269 1774 1299 1826 et

145 1861 257 1934 optimo
277 1863 374 1922 riculo
397 1864 471 1923 libro
494 1866 531 1924 de
552 1871 624 1936 pert.
648 1865 781 1922 seeundo
809 1881 874 1924 cum
897 1867 992 1940 primo
1015 1867 1172 1929 coniuncto
1195 1864 1298 1944 (quare

146 1965 186 2022 de
207 1963 299 2040 ipsius
320 1966 464 2026 sententis
487 1983 516 2040 p,
530 1961 592 2024 159
605 1979 649 2038 sq.
673 1964 737 2040 ipse
749 1966 876 2040 Spengel
889 1969 1231 2044 dubitavitlieibentolge
1243 1977 1297 2030 etc.

143 2084 176 2142 p.
188 2065 250 2128 163
262 2065 321 2146 sq.)
335 2101 376 2110 —-
392 2084 426 2127 ea
439 2081 544 2128 omnes
565 2067 713 2140 praecedit
734 2066 826 2128 libros
848 2069 1075 2146 physiologicas,
1098 2072 1127 2130 id
1141 2071 1297 2146 quodipse

143 2168 267 2228 disertis
287 2171 386 2230 verbis
407 2170 579 2230 Aristoteles
602 2167 755 2227 confirmat
779 2169 815 2226 de
827 2183 926 2244 gener.
939 2169 968 2245 5,
982 2170 1010 2231 1.
1024 2170 1106 2232 7706
1116 2173 1157 2232 22
1169 2164 1296 2255 (ὥσπερ

140 2263 267 2354 ἐλέχθη
288 2263 452 2356 πρότερον
479 2266 513 2334 ἐν
538 2268 609 2343 σοῖς
634 2264 713 2352 περὶ
740 2263 801 2343 τὰς
823 2261 1002 2358 αἰσθήσεις
1021 2266 1224 2338 καὶτούτων
1246 2266 1297 2339 ita

137 2365 305 2458 πρότερον
327 2369 362 2438 e‘v
382 2375 453 2449 ταῖς
473 2370 551 2458 περὶ
572 2371 682 2460 ψυχῆς
702 2368 937 2451 διωρισμένως
958 2371 1294 2451 circumcincta.

140 2475 215 2548 656,
228 2477 279 2538 29.
292 2478 322 2551 2,
336 2477 364 2538 1.
377 2477 449 2550 647,
461 2477 511 2538 26.
534 2482 572 2538 de
594 2494 659 2552 gen.
683 2493 730 2536 ao.
747 2474 776 2547 5,
789 2473 818 2534 7.
832 2475 919 2538 7881>
932 2476 975 2552 1),
997 2479 1183 2550 praeceditur
1197 2486 1294 2539 autem

92 2595 98 2608 ¹
138 2581 207 2654 ipsa
228 2580 351 2640 historia
372 2582 541 2640 animalium
561 2580 650 2656 (quae
671 2579 757 2638 etiam
769 2571 893 2660 φυσική
909 2568 1038 2660 ἱστορία
1049 2580 1157 2640 dicitur
1168 2578 1240 2654 650,
1252 2577 1294 2642 32

80 2683 90 2692 “
139 2689 177 2742 ut
198 2675 296 2766 ζωϊκῆ
321 2673 450 2766 ἱστορία
467 2681 553 2744 6686
571 2679 612 2743 30
640 2681 702 2739 siue
724 2678 895 2754 simpliciter
916 2670 953 2742 ei
973 2671 1131 2764 ἶσσσρίαι)
1158 2693 1294 2744 seorsum

139 2786 265 2860 scripta,
299 2786 416 2846 aTitze
443 2793 540 2846 autern
562 2786 648 2859 plane
670 2783 769 2857 inepte
791 2782 868 2842 inter
892 2784 1018 2857 priunum
1042 2785 1078 2842 de
1099 2791 1172 2858 part.
1196 2799 1241 2844 en.
1264 2792 1294 2844 et

138 2890 305 2948 seeundum
332 2889 518 2961 interpolata,
553 2887 629 2946 siout
661 2886 768 2944 docent
793 2886 883 2944 verba
907 2885 973 2945 libri
1002 2887 1039 2944 da
1065 2886 1123 2945 vita
1148 2895 1178 2944 et
1199 2895 1293 2948 morte

138 3007 168 3050 c.
181 2988 210 3051 3.
222 2987 379 3052 testea:
402 2979 422 3072 ἡ
446 2983 485 3050 δὲ
506 2977 628 3070 καρδία
652 2977 706 3048 ὅτι
728 2980 816 3050 ἐστὶν
838 2977 918 3070 dext}
940 2985 1005 3048 τῶν
1027 2984 1161 3071 φλεβῶν
1178 2979 1293 3064 ἐντοῖς

137 3085 220 3175 περὶ
240 3087 282 3156 σὰ
303 3087 387 3175 μέρη
408 3089 473 3152 τῶν
495 3081 587 3167 ζώων
603 3079 732 3172 εἴρηται
743 3079 906 3173 πρότερον
916 3099 985 3151 etc:
1008 3092 1293 3166 ubiquaedicnntur

136 3188 183 3256 σαὶ
204 3189 283 3275 περὶ
307 3191 349 3258 coi
374 3187 457 3275 μέρη
482 3191 548 3254 τῶν
577 3182 670 3268 ζώων
697 3208 757 3252 non
783 3200 854 3252 sunt
880 3194 946 3254 libri
969 3195 1006 3253 de
1027 3195 1160 3268 partibus
1182 3195 1292 3256 anima-

136 3299 211 3358 lium
236 3301 288 3359 sed
310 3299 360 3373 qni
383 3299 452 3357 item
476 3297 512 3354 de
534 3297 667 3370 pertibus
688 3303 779 3370 agunt
800 3297 931 3356 historici
954 3294 1003 3374 (cl.
1020 3299 1049 3356 b.
1066 3313 1092 3356 a.
1108 3293 1138 3368 3,
1151 3293 1180 3356 3.
1197 3295 1227 3370 3,
1240 3295 1290 3358 19.

138 3402 178 3460 ol.
191 3400 263 3475 740,
276 3399 329 3475 23)
352 3409 381 3459 et
402 3400 528 3459 citantur
549 3399 636 3458 etiam
658 3400 695 3458 de
717 3415 795 3471 resp.
809 3397 859 3456 12.
872 3397 922 3457 16.
967 3400 1077 3460 Eodem
1100 3415 1218 3473 semper
1233 3401 1292 3460 lere

135 3503 224 3564 titulo
250 3504 372 3563 bistoria
399 3500 576 3582 animalium¹
596 3501 632 3558 ab
661 3499 808 3559 Athenaeo
835 3498 878 3575 (in
901 3499 1026 3574 septimo
1047 3501 1233 3573 potissimum
1255 3504 1294 3562 de

138 3607 272 3680 piscibus
295 3606 383 3681 libro)
406 3604 511 3663 citatur
532 3591 580 3678 (ἓν
600 3599 645 3684 τῷ
667 3596 745 3684 περὶ
767 3592 860 3678 ζώων
882 3592 1017 3685 μορίων,
1040 3609 1069 3661 et
1091 3604 1293 3680 quidem-ple·

129 3725 267 3782 ,rumque
289 3700 323 3770 ἐν
343 3699 487 3787 πέμπτῳ
511 3695 603 3780 ζώων
623 3696 750 3788 μορίων
774 3707 810 3764 ct.
835 3722 860 3764 e.
884 3723 926 3780 gr.
948 3704 1052 3764 Atben.
1070 3702 1099 3776 7,
1116 3704 1181 3766 286
1194 3729 1229 3758 ==
1244 3707 1292 3768 Ar.

140 3811 209 3870 bist.
232 3827 279 3872 an.
295 3807 326 3884 5,
343 3807 372 3870 5.
391 3806 478 3870 5401)
495 3805 631 3868 17-19.
659 3808 762 3867 Atben.
789 3805 819 3880 7,
837 3803 900 3869 303
914 3829 950 3860 =
965 3804 995 3880 5,
1013 3805 1063 3870 10.
1082 3806 1170 3870 5436
1188 3809 1229 3870 12
1247 3829 1291 3886 sq.

140 3912 246 3974 Athen.
258 3911 289 3986 7,
301 3911 364 3974 304
379 3933 415 3964 =
430 3908 523 3983 5,10.
542 3907 614 3982 543,
627 3909 755 3969 22-24
766 3919 818 3970 ete.
833 3917 886 3968 ete.
910 3927 976 3970 raro
1000 3913 1101 3972 eadem
1124 3912 1295 3986 simpliciter

139 4010 231 4098 περὶ.
241 4007 334 4092 ζώων
355 4017 391 4074 ei.
404 4013 434 4087 7,
447 4011 509 4074 286
525 4033 560 4064 =
576 4009 668 4084 2,13.
682 4010 754 4084 505,
766 4007 850 4071 3--7
863 4009 940 4086 etc),
964 4013 1081 4072 diversa
1102 4015 1137 4072 ab
1150 4015 1206 4072 alio
1219 4030 1293 4088 quo·

139 4121 207 4179 dnm
231 4120 268 4177 de
289 4116 464 4194 animalibus
487 4124 516 4176 et
536 4116 692 4190 praecipue
714 4116 750 4174 de
771 4113 903 4187 piscibus
926 4115 1000 4174 libro
1023 4115 1161 4176 historico
1184 4121 1213 4174 et
1227 4117 1293 4175 bre-

139 4221 213 4280 viori
243 4220 390 4280 Aristoteli
422 4219 532 4278 tributo
562 4215 611 4294 (el.
639 4219 772 4291 Apellen.
801 4217 925 4276 mirabil.
942 4217 998 4278 27:
1032 4207 1092 4278 duic
1120 4207 1180 4298 γάρ
1208 4209 1293 4280 εἰσιν

141 4312 244 4384 αὐτοῦ
265 4321 494 4404 ,πραγματεῖαι
516 4310 536 4403 ἡ
559 4314 620 4398 μὲν
642 4313 720 4403 περὶ
743 4309 835 4395 ζώων
855 4309 875 4402 ἡ
900 4315 937 4382 δὲ
959 4314 1036 4404 περὶ
1067 4319 1133 4380 τῶν
1155 4314 1291 4399 ζωϊκῶα)

139 4425 225 4486 cuins
252 4425 331 4484 idem
358 4425 462 4486 iisdem
490 4439 578 4498 saepe
599 4422 672 4482 locis
695 4422 862 4482 Athenaeus
886 4431 1001 4495 praeter
1023 4423 1209 4498 Apollonium
1233 4425 1292 4484 duo
