3072 5164
813 333 854 398 42

261 507 336 576 libro
348 503 402 586 ot)
430 511 525 568 sumta
551 501 666 566 ridetur
693 502 778 563 etiam
802 501 948 564 uberrimo
976 501 1025 560 illa
1050 499 1223 574 placitorum
1246 497 1414 556 stoicomm

260 608 394 668 recensio
417 604 447 680 7,
462 601 610 667 att-160
633 618 707 678 quae
730 603 875 678 insignem
899 602 1058 662 doctrinam
1081 599 1193 659 auctori
1208 614 1348 673 arrogans
1361 599 1414 658 uni

261 709 325 771 sine
353 708 441 776 dubio
468 705 603 783 scriptori
630 705 754 764 debetur
780 703 866 778 eique
893 685 1043 763 Posidonii
1071 701 1224 776 discipulis
1246 697 1296 777 (7,
1306 697 1361 776 41)
1384 707 1417 757 et

259 809 410 884 Antipatro
432 807 516 884 Tyrio
539 804 582 884 (7,
595 803 686 880 139),
713 806 826 864 Boetho
846 802 893 877 (7,
905 802 955 864 54.
970 802 1040 864 148.
1054 803 1133 874 149)
1161 803 1247 862 etiam
1276 811 1304 863 et
1325 802 1416 862 Albe-

260 913 374 972 nodoro
395 907 624 984 (7,121.149)
652 906 808 970 recentiori
835 923 923 980 quem
950 908 1014 984 ipse
1037 905 1181 980 signifieat
1203 904 1249 980 (7,
1265 903 1322 978 48)
1347 919 1417 964 esse

260 1011 399 1074 Dioclem.
449 1012 551 1085 Neque
577 1025 634 1068 nos
662 1009 734 1068 baec
760 1005 909 1066 doctrinae
935 1009 1072 1082 propriae
1098 1007 1214 1081 species
1242 1009 1293 1082 (oi.
1311 1001 1417 1078 7,·38)

261 1111 368 1186 decipit
390 1128 479 1189 quam
502 1127 538 1170 ox
560 1111 692 1184 ipsorum
714 1108 838 1166 fontium
865 1115 970 1168 natura
991 1111 1121 1184 pendere
1147 1116 1236 1168 totam
1260 1116 1289 1168 et
1311 1123 1346 1166 eo
1369 1106 1417 1164 in-

260 1212 419 1286 telligimus
442 1213 522 1294 quod
543 1226 604 1276 non
626 1211 723 1272 solum
745 1209 777 1266 iu
799 1210 923 1268 summis
950 1211 1135 1285 philosophis
1157 1211 1277 1270 Platone
1300 1217 1328 1268 et
1349 1207 1416 1268 Ari-

260 1315 366 1375 stotele
399 1314 459 1375 lero
492 1312 590 1372 delicit
622 1312 695 1376 nibil
728 1311 793 1384 ipsa
826 1317 943 1370 mutans
978 1314 1031 1374 sed
1058 1313 1145 1372 etiam
1172 1327 1260 1386 quem
1287 1308 1416 1370 maxime

260 1415 395 1476 Laertius
422 1414 516 1487 diligit
543 1420 572 1472 et
598 1414 636 1472 de
658 1427 718 1488 quo
740 1427 800 1473 uno
823 1427 908 1470 suam
938 1421 1037 1488 aperte
1064 1413 1233 1489 opinionem
1255 1410 1418 1485 interponit

261 1513 328 1588 (10,
345 1513 461 1575 4-11.
477 1513 529 1586 10,
545 1511 596 1574 29.
631 1513 667 1572 ei.
691 1512 817 1572 maxime
833 1511 884 1584 10,
900 1510 921 1571 8
943 1521 1015 1572 extr.
1033 1513 1084 1590 10,
1101 1513 1140 1573 11
1163 1515 1260 1588 extr.)
1284 1511 1416 1586 ‘Epicuri

260 1617 476 1690 philosophiam
502 1614 597 1690 ipsius
624 1614 720 1674 tribus
748 1613 870 1688 integris
897 1616 1029 1688 epistolis
1051 1617 1159 1691 quibus
1182 1614 1344 1678 doctrinam
1367 1612 1417 1676 hic

259 1717 341 1784 brevi
363 1718 490 1792 epitome
512 1716 683 1792 complexus
705 1722 767 1776 erat
789 1722 818 1774 et
838 1721 990 1790 praeterea
1005 1718 1055 1791 qui
1070 1708 1181 1801 cupiere
1195 1706 1295 1790 δόξαι
1310 1714 1418 1782 iuscri-

259 1819 339 1888 bitur
360 1820 458 1881 libello
481 1817 623 1892 appositis
645 1815 814 1876 describere
835 1815 909 1874 satis
930 1819 1026 1890 habet,
1050 1821 1114 1880 aliis
1137 1819 1314 1894 quibusdam
1336 1809 1418 1897 περὶ

258 1917 319 1984 τοῦ.
339 1917 450 2004 σοφοῦ
468 1914 700 1992 10,117-121
717 1917 753 1974 el.
766 1913 915 1978 136—38
937 1933 954 1977 e
970 1919 1102 1995 Diogene
1117 1920 1254 1980 tarsensi
1269 1919 1417 1993 Epicureo

260 2021 369 2090 eddius
389 2021 542 2083 Strabonis
571 2027 603 2081 ut
629 2019 745 2080 ridetur
767 2019 881 2094 aequali
909 2021 982 2093 (Str.
998 2021 1035 2083 Ill
1056 2038 1085 2096 p.
1101 2019 1195 2094 231),
1224 2023 1273 2095 qui
1297 2011 1416 2082 ἐπιλέ-

258 2140 355 2195 κτους
382 2115 503 2198 σχολὰς
529 2120 703 2196 (vicesimus
725 2119 802 2178 liber
822 2121 928 2180 citatur
942 2119 994 2194 10,
1010 2120 1089 2196 138)
1118 2125 1249 2183 ediderat
1271 2121 1338 2195 (10,
1354 2121 1415 2195 26)

259 2224 376 2298 Epicuri
403 2223 565 2288 doctrinam
593 2220 719 2294 epitome
745 2220 954 2294 interpretatus
982 2223 1130 2296 (eiusdem
1154 2225 1233 2283 euim
1255 2225 1417 2306 libripens

260 2325 313 2393 luit
343 2313 364 2408 ἡ
394 2316 537 2406 ἐπιτομὴ
573 2319 639 2384 cuir
667 2309 870 2404 Ἐπικούρου
897 2309 1030 2404 ἠθικῶν
1058 2316 1234 2408 δογμάτων
1256 2325 1307 2399 10,
1324 2322 1414 2398 118),

259 2427 339 2494 Idem
365 2427 499 2492 Laertius
526 2426 562 2486 de
589 2423 776 2498 philosophia
802 2425 992 2500 Pythagorica
1018 2427 1068 2486 illa
1093 2430 1296 2489 tantummodo
1323 2427 1416 2489 reiert

259 2545 334 2604 quae
360 2529 525 2594 Alexander
550 2526 714 2604 polyhistor
739 2533 768 2584 et
793 2525 860 2600 ipse
885 2534 918 2584 ut
945 2528 1021 2587 solet
1052 2529 1099 2602 (G.
1123 2531 1202 2594 hlttll.
1226 2531 1260 2589 lr.
1284 2529 1351 2591 hist
1375 2528 1415 2586 lll

258 2649 287 2706 p.
303 2629 382 2710 206)
412 2646 428 2690 e
455 2627 672 2694 commentariis
700 2625 875 2700 qmbusdam
902 2630 1103 2706 Pythagoricis
1130 2639 1159 2690 el
1185 2647 1221 2690 ex
1246 2628 1415 2690 Aristotelis

260 2731 310 2806 qut
341 2732 489 2800 terebatur
514 2731 551 2796 de
577 2729 767 2806 Pythagoreis
798 2729 874 2789 libro
904 2733 1084 2790 verbotenus
1111 2733 1172 2791 iere
1202 2731 1414 2806 descripseram
1532 2753 1533 2760 1

259 2830 494 2910 9182446,
522 2833 579 2892 alia
605 2828 818 2902 0189-10.
863 2833 1003 2907 Symbola
1024 2847 1144 2912 quoque
1170 2847 1245 2907 quae
1274 2833 1416 2906 tegamur

257 2933 430 3009 8,17-,1,9
453 2935 505 3002 ubi
518 2932 549 3006 8,
565 2931 610 3006 ,te
628 2932 716 2994 Arist.
734 2948 770 2992 ex
781 2934 861 2994 Alex.
885 2934 961 2993 seih·
973 2935 1079 2992 citatur
1100 2941 1129 2994 et
1144 2949 1220 3008 quae
1230 2932 1262 3006 8,
1273 2933 1412 3005 tte—24,

258 3037 481 3117 Alexanderde
504 3034 647 3110 symbolis
668 3035 749 3110 Pytb.
773 3050 864 3110 agens
883 3037 999 3097 videtur
1014 3035 1227 3109 suppeditasse.
1266 3036 1415 3110 Diogenes

258 3137 310 3211 10,
326 3138 366 3205 29
395 3137 554 3214 alloquitur
587 3136 634 3210 cui
667 3136 811 3202 dedicarit
843 3137 951 3196 librum
983 3153 1070 3196 suum
1097 3132 1236 3198 feminam
1263 3139 1412 3212 quandem

258 3229 502 3323 praeminitare
523 3239 549 3298 si
572 3238 675 3301 credas
695 3238 733 3303 iis
756 3254 831 3312 quae
852 3240 936 3313 ponit
957 3237 987 3312 3,
1002 3237 1044 3299 47
1075 3239 1124 3298 ubi
1147 3239 1212 3313 ipse
1233 3238 1282 3298 ille
1304 3239 1414 3314 Epicu-

257 3358 378 3405 reorum
397 3342 531 3408 laudator
558 3355 590 3400 se
617 3339 691 3416 gerit
712 3339 841 3400 Platonis
868 3340 1003 3402 amicum.
1049 3343 1107 3400 Sed
1135 3357 1225 3415 supra
1251 3348 1413 3404 memorato

257 3444 346 3508 tidem
367 3443 479 3504 inuium
499 3445 572 3502 baec
594 3455 711 3515 quoque
734 3456 810 3514 quae
831 3457 891 3501 uno
914 3451 1017 3502 tenore
1039 3451 1067 3501 et
1090 3444 1162 3502 satis
1184 3444 1263 3500 bono
1287 3443 1323 3500 dc
1345 3443 1413 3504 Plo-

257 3546 336 3608 lonis
363 3545 487 3621 dialogis
514 3544 599 3620 quasi
627 3542 773 3616 isagogico
802 3543 920 3604 disserit
941 3542 971 3617 3,
991 3542 1121 3608 47-66
1146 3533 1317 3618 adnotata
1348 3545 1412 3607 iere

257 3664 295 3716 en
316 3648 459 3722 scriptore
482 3647 609 3722 quodam
631 3644 741 3703 novitio
764 3653 901 3720 excerpta
924 3661 1000 3704 esse.
1046 3647 1131 3706 Certe
1154 3649 1225 3706 bueo
1241 3663 1301 3708 non
1316 3647 1413 3722 magis

258 3749 423 3828 composuit
443 3748 567 3823 ipseque
589 3743 735 3818 excerpsit
761 3761 848 3820 quam
876 3763 951 3820 quoe
978 3748 1015 3806 de
1040 3748 1153 3807 Alcime
1176 3745 1412 3822 (3‚·8-18)rt

256 3853 294 3913 de
324 3851 504 3922 comicorum
536 3849 566 3908 in
593 3847 743 3907 Platonem
777 3847 904 3906 dicteriis
938 3845 983 3922 (3,
1000 3847 1136 3910 tat-at.
1160 3852 1195 3908 cl.
1219 3848 1250 3924 8,
1266 3848 1410 3925 36-38)

256 3953 346 4015 reiert
365 3953 415 4013 ille
436 3952 487 4026 qui
509 3946 637 4009 Plutonis
662 3947 877 4024 philosophiam
905 3955 937 4006 ut
963 3960 1080 4011 enarret
1106 3953 1177 4010 nihil
1200 3953 1261 4010 iere
1283 3952 1341 4010 uisi
1363 3953 1412 4010 lt·-

258 4057 332 4117 mnei
364 4055 512 4132 epitomen
543 4050 676 4120 exbibet,
709 4050 737 4109 id
766 4051 846 4124 quod
873 4051 959 4127 plone
987 4069 1023 4112 ex
1048 4069 1131 4113 more
1160 4060 1206 4112 est
1232 4053 1409 4128 scriptorum

256 4157 348 4218 seculi
371 4154 494 4216 secundi
516 4151 624 4225 quibus
649 4167 702 4210 arx
727 4149 775 4217 illa
802 4157 832 4210 et
853 4163 953 4222 vertex
978 4156 1181 4231 philosophiae
1204 4161 1235 4212 ut
1257 4153 1410 4215 Claudiani

256 4258 388 4330 Mamerti
412 4255 512 4320 tarbis
536 4249 618 4328 (2,7
640 4269 668 4329 p.
685 4248 763 4324 132)
796 4259 862 4315 utar
888 4257 972 4330 quasi
1004 4257 1213 4332 compendium
1240 4263 1302 4314 crat
1328 4257 1409 4329 camd

255 4361 311 4436 ipsi
334 4359 460 4428 maxime
483 4361 680 4431 sequerentur
693 4355 909 4430 memphyticae
924 4357 1091 4428 Platonicae
1105 4363 1238 4428 eunome,
1262 4357 1297 4416 ci.
1315 4355 1409 4424 aloini
