<?xml version="1.0" encoding="UTF-8"?>
<!DOCTYPE html PUBLIC "-//W3C//DTD XHTML 1.0 Transitional//EN"
    "http://www.w3.org/TR/xhtml1/DTD/xhtml1-transitional.dtd">
<html xmlns="http://www.w3.org/1999/xhtml" xml:lang="en" lang="en">
 <head>
  <title>
</title>
<meta http-equiv="Content-Type" content="text/html;charset=utf-8" />
  <meta name='ocr-system' content='tesseract 3.04.00' />
  <meta name='ocr-capabilities' content='ocr_page ocr_carea ocr_par ocr_line ocrx_word'/>
</head>
<body>
  <div class='ocr_page' id='page_1' title='image "./dearistotelisli01rosegoog_0230.png"; bbox 0 0 3024 5162; ppageno 0'>
   <div class='ocr_carea' id='block_1_1' title="bbox 645 331 707 396">
    <p class='ocr_par' dir='ltr' id='par_1_1' title="bbox 645 331 707 396">
     <span class='ocr_line' id='line_1_1' title="bbox 645 331 707 396; baseline 0.016 -2"><span class='ocrx_word' id='word_1_1' title='bbox 645 331 707 396; x_wconf 82' lang='grc'>225</span> 
     </span>
    </p>
   </div>
   <div class='ocr_carea' id='block_1_2' title="bbox 95 502 1266 4364">
    <p class='ocr_par' dir='ltr' id='par_1_2' title="bbox 95 502 1266 4364">
     <span class='ocr_line' id='line_1_2' title="bbox 98 502 1248 582; baseline -0.003 -17"><span class='ocrx_word' id='word_1_2' title='bbox 98 513 220 568; x_wconf 87' lang='lat' dir='ltr'>tractatu</span> <span class='ocrx_word' id='word_1_3' title='bbox 243 506 486 582; x_wconf 75' lang='lat' dir='ltr'>physiognomieo</span> <span class='ocrx_word' id='word_1_4' title='bbox 513 521 549 564; x_wconf 83' lang='lat' dir='ltr'>ox</span> <span class='ocrx_word' id='word_1_5' title='bbox 571 506 817 565; x_wconf 85' lang='lat' dir='ltr'>Pseudaristotele</span> <span class='ocrx_word' id='word_1_6' title='bbox 839 507 985 579; x_wconf 75' lang='lat' dir='ltr'>pendente</span> <span class='ocrx_word' id='word_1_7' title='bbox 1012 502 1248 564; x_wconf 85' lang='lat' dir='ltr'>commemoravlt</span> 
     </span>
     <span class='ocr_line' id='line_1_3' title="bbox 96 603 1247 682; baseline -0.003 -15"><span class='ocrx_word' id='word_1_8' title='bbox 96 610 225 670; x_wconf 85' lang='lat' dir='ltr'>lledsolri</span> <span class='ocrx_word' id='word_1_9' title='bbox 248 611 302 668; x_wconf 79' lang='lat' dir='ltr'>llll.</span> <span class='ocrx_word' id='word_1_10' title='bbox 318 609 348 682; x_wconf 87' lang='grc'>4,</span> <span class='ocrx_word' id='word_1_11' title='bbox 364 606 428 670; x_wconf 89' lang='grc'>388</span> <span class='ocrx_word' id='word_1_12' title='bbox 453 609 500 666; x_wconf 91' lang='lat' dir='ltr'>his</span> <span class='ocrx_word' id='word_1_13' title='bbox 528 607 640 666; x_wconf 86' lang='lat' dir='ltr'>verbis:</span> <span class='ocrx_word' id='word_1_14' title='bbox 674 605 829 679; x_wconf 86' lang='lat' dir='ltr'>„Callmlln</span> <span class='ocrx_word' id='word_1_15' title='bbox 856 607 913 680; x_wconf 88' lang='lat' dir='ltr'>(lta</span> <span class='ocrx_word' id='word_1_16' title='bbox 940 623 993 682; x_wconf 87' lang='lat' dir='ltr'>pro</span> <span class='ocrx_word' id='word_1_17' title='bbox 1019 603 1150 667; x_wconf 80' lang='lat' dir='ltr'>Fallmuu</span> <span class='ocrx_word' id='word_1_18' title='bbox 1174 605 1247 664; x_wconf 83' lang='lat' dir='ltr'>salso</span> 
     </span>
     <span class='ocr_line' id='line_1_4' title="bbox 95 705 1249 787; baseline -0.007 -16"><span class='ocrx_word' id='word_1_19' title='bbox 95 713 204 787; x_wconf 84' lang='lat' dir='ltr'>legitur</span> <span class='ocrx_word' id='word_1_20' title='bbox 224 711 329 770; x_wconf 86' lang='lat' dir='ltr'>litteris</span> <span class='ocrx_word' id='word_1_21' title='bbox 352 708 391 769; x_wconf 78' lang='lat' dir='ltr'>Fa</span> <span class='ocrx_word' id='word_1_22' title='bbox 406 719 434 770; x_wconf 87' lang='lat' dir='ltr'>et</span> <span class='ocrx_word' id='word_1_23' title='bbox 449 707 506 769; x_wconf 81' lang='lat' dir='ltr'>Kal</span> <span class='ocrx_word' id='word_1_24' title='bbox 524 710 593 768; x_wconf 87' lang='lat' dir='ltr'>vitio</span> <span class='ocrx_word' id='word_1_25' title='bbox 615 709 646 768; x_wconf 94' lang='lat' dir='ltr'>in</span> <span class='ocrx_word' id='word_1_26' title='bbox 669 709 839 769; x_wconf 90' lang='lat' dir='ltr'>nominibus</span> <span class='ocrx_word' id='word_1_27' title='bbox 860 709 988 784; x_wconf 86' lang='lat' dir='ltr'>propriis</span> <span class='ocrx_word' id='word_1_28' title='bbox 1010 705 1249 782; x_wconf 80' lang='lat' dir='ltr'>frequentissimo</span> 
     </span>
     <span class='ocr_line' id='line_1_5' title="bbox 96 809 1251 888; baseline -0.008 -15"><span class='ocrx_word' id='word_1_29' title='bbox 96 814 292 874; x_wconf 75' lang='lat' dir='ltr'>commutatis.</span> <span class='ocrx_word' id='word_1_30' title='bbox 320 814 423 888; x_wconf 85' lang='lat' dir='ltr'>procul</span> <span class='ocrx_word' id='word_1_31' title='bbox 445 821 516 887; x_wconf 85' lang='lat' dir='ltr'>ergo</span> <span class='ocrx_word' id='word_1_32' title='bbox 540 813 675 871; x_wconf 84' lang='lat' dir='ltr'><strong>Clemens</strong></span> <span class='ocrx_word' id='word_1_33' title='bbox 698 813 746 871; x_wconf 87' lang='lat' dir='ltr'>ille</span> <span class='ocrx_word' id='word_1_34' title='bbox 769 827 856 886; x_wconf 90' lang='lat' dir='ltr'>quem</span> <span class='ocrx_word' id='word_1_35' title='bbox 878 812 961 870; x_wconf 82' lang='lat' dir='ltr'>finxit</span> <span class='ocrx_word' id='word_1_36' title='bbox 978 809 1108 886; x_wconf 80' lang='lat' dir='ltr'>Fldgell)</span> <span class='ocrx_word' id='word_1_37' title='bbox 1129 821 1251 882; x_wconf 89' lang='lat' dir='ltr'>quoque</span> 
     </span>
     <span class='ocr_line' id='line_1_6' title="bbox 95 907 1248 990; baseline -0.007 -15"><span class='ocrx_word' id='word_1_38' title='bbox 95 917 204 976; x_wconf 84' lang='lat' dir='ltr'>librum</span> <span class='ocrx_word' id='word_1_39' title='bbox 231 917 267 976; x_wconf 86' lang='lat' dir='ltr'>de</span> <span class='ocrx_word' id='word_1_40' title='bbox 287 923 352 974; x_wconf 87' lang='lat' dir='ltr'>erte</span> <span class='ocrx_word' id='word_1_41' title='bbox 372 913 612 990; x_wconf 79' lang='lat' dir='ltr'>physiognomioe</span> <span class='ocrx_word' id='word_1_42' title='bbox 641 913 757 988; x_wconf 76' lang='lat' dir='ltr'>scripsit</span> <span class='ocrx_word' id='word_1_43' title='bbox 784 913 834 988; x_wconf 92' lang='lat' dir='ltr'>qui</span> <span class='ocrx_word' id='word_1_44' title='bbox 862 915 898 972; x_wconf 89' lang='lat' dir='ltr'>de</span> <span class='ocrx_word' id='word_1_45' title='bbox 921 913 1037 972; x_wconf 84' lang='lat' dir='ltr'>leminis</span> <span class='ocrx_word' id='word_1_46' title='bbox 1066 911 1138 972; x_wconf 89' lang='lat' dir='ltr'>solis</span> <span class='ocrx_word' id='word_1_47' title='bbox 1165 907 1248 982; x_wconf 66' lang='lat' dir='ltr'>agiu,</span> 
     </span>
     <span class='ocr_line' id='line_1_7' title="bbox 95 1015 1248 1092; baseline -0.007 -17"><span class='ocrx_word' id='word_1_48' title='bbox 95 1019 126 1077; x_wconf 89' lang='lat' dir='ltr'>id</span> <span class='ocrx_word' id='word_1_49' title='bbox 148 1020 229 1092; x_wconf 87' lang='lat' dir='ltr'>quod</span> <span class='ocrx_word' id='word_1_50' title='bbox 251 1034 348 1092; x_wconf 88' lang='lat' dir='ltr'>neque</span> <span class='ocrx_word' id='word_1_51' title='bbox 368 1019 407 1076; x_wconf 86' lang='lat' dir='ltr'>de</span> <span class='ocrx_word' id='word_1_52' title='bbox 429 1017 599 1076; x_wconf 86' lang='lat' dir='ltr'>Philemone</span> <span class='ocrx_word' id='word_1_53' title='bbox 626 1031 722 1090; x_wconf 92' lang='lat' dir='ltr'>neque</span> <span class='ocrx_word' id='word_1_54' title='bbox 746 1017 782 1074; x_wconf 86' lang='lat' dir='ltr'>de</span> <span class='ocrx_word' id='word_1_55' title='bbox 803 1015 960 1074; x_wconf 82' lang='lat' dir='ltr'>Palemone</span> <span class='ocrx_word' id='word_1_56' title='bbox 987 1031 1089 1074; x_wconf 83' lang='lat' dir='ltr'>verum</span> <span class='ocrx_word' id='word_1_57' title='bbox 1112 1027 1180 1071; x_wconf 88' lang='lat' dir='ltr'>esse</span> <span class='ocrx_word' id='word_1_58' title='bbox 1202 1023 1248 1068; x_wconf 89' lang='lat' dir='ltr'>re·</span> 
     </span>
     <span class='ocr_line' id='line_1_8' title="bbox 95 1110 1249 1194; baseline -0.01 -14"><span class='ocrx_word' id='word_1_59' title='bbox 95 1121 216 1194; x_wconf 82' lang='lat' dir='ltr'>peritur.</span> <span class='ocrx_word' id='word_1_60' title='bbox 261 1120 400 1180; x_wconf 87' lang='lat' dir='ltr'>Similiter</span> <span class='ocrx_word' id='word_1_61' title='bbox 423 1127 522 1178; x_wconf 75' lang='lat' dir='ltr'>manen</span> <span class='ocrx_word' id='word_1_62' title='bbox 551 1118 588 1176; x_wconf 90' lang='lat' dir='ltr'>de</span> <span class='ocrx_word' id='word_1_63' title='bbox 616 1117 709 1192; x_wconf 85' lang='lat' dir='ltr'>signis</span> <span class='ocrx_word' id='word_1_64' title='bbox 736 1115 871 1174; x_wconf 87' lang='lat' dir='ltr'>femineis</span> <span class='ocrx_word' id='word_1_65' title='bbox 896 1121 1008 1173; x_wconf 88' lang='lat' dir='ltr'>tantum</span> <span class='ocrx_word' id='word_1_66' title='bbox 1035 1122 1132 1174; x_wconf 82' lang='lat' dir='ltr'>aetum</span> <span class='ocrx_word' id='word_1_67' title='bbox 1154 1110 1249 1170; x_wconf 86' lang='lat' dir='ltr'>luisse</span> 
     </span>
     <span class='ocr_line' id='line_1_9' title="bbox 97 1208 1250 1298; baseline -0.009 -19"><span class='ocrx_word' id='word_1_68' title='bbox 97 1222 127 1282; x_wconf 90' lang='lat' dir='ltr'>in</span> <span class='ocrx_word' id='word_1_69' title='bbox 148 1224 224 1282; x_wconf 88' lang='lat' dir='ltr'>libro</span> <span class='ocrx_word' id='word_1_70' title='bbox 251 1223 306 1298; x_wconf 89' lang='lat' dir='ltr'>qui</span> <span class='ocrx_word' id='word_1_71' title='bbox 324 1222 502 1296; x_wconf 77' lang='lat' dir='ltr'>Pythagorae</span> <span class='ocrx_word' id='word_1_72' title='bbox 529 1220 635 1278; x_wconf 87' lang='lat' dir='ltr'>dieitur</span> <span class='ocrx_word' id='word_1_73' title='bbox 656 1219 774 1276; x_wconf 86' lang='lat' dir='ltr'>Alberto</span> <span class='ocrx_word' id='word_1_74' title='bbox 808 1231 844 1274; x_wconf 88' lang='lat' dir='ltr'>ex</span> <span class='ocrx_word' id='word_1_75' title='bbox 870 1215 1039 1290; x_wconf 83' lang='lat' dir='ltr'>fragmentis</span> <span class='ocrx_word' id='word_1_76' title='bbox 1061 1215 1105 1286; x_wconf 87' lang='lat' dir='ltr'>(p.</span> <span class='ocrx_word' id='word_1_77' title='bbox 1123 1209 1174 1272; x_wconf 89' lang='grc'>38.</span> <span class='ocrx_word' id='word_1_78' title='bbox 1191 1208 1250 1284; x_wconf 79' lang='lat' dir='ltr'>da)</span> 
     </span>
     <span class='ocr_line' id='line_1_10' title="bbox 98 1311 1248 1399; baseline -0.012 -15"><span class='ocrx_word' id='word_1_79' title='bbox 98 1325 286 1399; x_wconf 78' lang='lat' dir='ltr'>conspicitur.</span> <span class='ocrx_word' id='word_1_80' title='bbox 329 1323 366 1382; x_wconf 82' lang='lat' dir='ltr'>At</span> <span class='ocrx_word' id='word_1_81' title='bbox 387 1322 597 1397; x_wconf 83' lang='lat' dir='ltr'>quoquomodo</span> <span class='ocrx_word' id='word_1_82' title='bbox 631 1319 734 1380; x_wconf 83' lang='lat' dir='ltr'>statuis</span> <span class='ocrx_word' id='word_1_83' title='bbox 757 1319 796 1375; x_wconf 89' lang='lat' dir='ltr'>de</span> <span class='ocrx_word' id='word_1_84' title='bbox 815 1315 1176 1375; x_wconf 77' lang='lat' dir='ltr'>Philemone-Polemone</span> <span class='ocrx_word' id='word_1_85' title='bbox 1198 1311 1248 1371; x_wconf 90' lang='lat' dir='ltr'>illo</span> 
     </span>
     <span class='ocr_line' id='line_1_11' title="bbox 97 1415 1251 1496; baseline -0.014 -10"><span class='ocrx_word' id='word_1_86' title='bbox 97 1429 202 1487; x_wconf 89' lang='lat' dir='ltr'>eodem</span> <span class='ocrx_word' id='word_1_87' title='bbox 219 1425 363 1485; x_wconf 84' lang='lat' dir='ltr'>simulet</span> <span class='ocrx_word' id='word_1_88' title='bbox 385 1425 511 1495; x_wconf 85' lang='lat' dir='ltr'>diverso,</span> <span class='ocrx_word' id='word_1_89' title='bbox 534 1423 564 1480; x_wconf 92' lang='lat' dir='ltr'>id</span> <span class='ocrx_word' id='word_1_90' title='bbox 587 1422 706 1496; x_wconf 90' lang='lat' dir='ltr'>quidem</span> <span class='ocrx_word' id='word_1_91' title='bbox 728 1425 840 1477; x_wconf 86' lang='lat' dir='ltr'>eertum</span> <span class='ocrx_word' id='word_1_92' title='bbox 862 1424 908 1476; x_wconf 89' lang='lat' dir='ltr'>est</span> <span class='ocrx_word' id='word_1_93' title='bbox 930 1433 1004 1491; x_wconf 86' lang='lat' dir='ltr'>quae</span> <span class='ocrx_word' id='word_1_94' title='bbox 1027 1417 1096 1474; x_wconf 90' lang='lat' dir='ltr'>inde</span> <span class='ocrx_word' id='word_1_95' title='bbox 1111 1415 1251 1472; x_wconf 81' lang='lat' dir='ltr'>Alltertus</span> 
     </span>
     <span class='ocr_line' id='line_1_12' title="bbox 96 1519 1252 1604; baseline -0.013 -15"><span class='ocrx_word' id='word_1_96' title='bbox 96 1529 233 1604; x_wconf 83' lang='lat' dir='ltr'>apposuit</span> <span class='ocrx_word' id='word_1_97' title='bbox 257 1527 287 1586; x_wconf 94' lang='lat' dir='ltr'>in</span> <span class='ocrx_word' id='word_1_98' title='bbox 313 1527 502 1586; x_wconf 89' lang='lat' dir='ltr'>Polemonem</span> <span class='ocrx_word' id='word_1_99' title='bbox 529 1524 672 1582; x_wconf 83' lang='lat' dir='ltr'>Graecum</span> <span class='ocrx_word' id='word_1_100' title='bbox 704 1519 824 1579; x_wconf 88' lang='lat' dir='ltr'>minime</span> <span class='ocrx_word' id='word_1_101' title='bbox 858 1521 1015 1593; x_wconf 81' lang='lat' dir='ltr'>quadrare,</span> <span class='ocrx_word' id='word_1_102' title='bbox 1048 1523 1150 1574; x_wconf 84' lang='lat' dir='ltr'>contre</span> <span class='ocrx_word' id='word_1_103' title='bbox 1182 1529 1252 1574; x_wconf 84' lang='lat' dir='ltr'>oum</span> 
     </span>
     <span class='ocr_line' id='line_1_13' title="bbox 97 1615 1250 1698; baseline -0.017 -6"><span class='ocrx_word' id='word_1_104' title='bbox 97 1635 254 1692; x_wconf 85' lang='lat' dir='ltr'>Polemone</span> <span class='ocrx_word' id='word_1_105' title='bbox 276 1631 333 1688; x_wconf 86' lang='lat' dir='ltr'>lnoo</span> <span class='ocrx_word' id='word_1_106' title='bbox 355 1627 521 1687; x_wconf 81' lang='lat' dir='ltr'>consentire</span> <span class='ocrx_word' id='word_1_107' title='bbox 542 1642 578 1684; x_wconf 89' lang='lat' dir='ltr'>ea</span> <span class='ocrx_word' id='word_1_108' title='bbox 600 1639 675 1698; x_wconf 87' lang='lat' dir='ltr'>quae</span> <span class='ocrx_word' id='word_1_109' title='bbox 697 1620 809 1680; x_wconf 88' lang='lat' dir='ltr'>Platoni</span> <span class='ocrx_word' id='word_1_110' title='bbox 831 1619 933 1678; x_wconf 71' lang='lat' dir='ltr'>lubuit</span> <span class='ocrx_word' id='word_1_111' title='bbox 947 1619 1084 1678; x_wconf 83' lang='lat' dir='ltr'>Alhertus</span> <span class='ocrx_word' id='word_1_112' title='bbox 1103 1615 1250 1675; x_wconf 88' lang='lat' dir='ltr'>veletiam</span> 
     </span>
     <span class='ocr_line' id='line_1_14' title="bbox 98 1721 1248 1807; baseline -0.017 -15"><span class='ocrx_word' id='word_1_113' title='bbox 98 1733 289 1807; x_wconf 77' lang='lat' dir='ltr'>„Platonicis”</span> <span class='ocrx_word' id='word_1_114' title='bbox 320 1731 370 1804; x_wconf 90' lang='lat' dir='ltr'>qui</span> <span class='ocrx_word' id='word_1_115' title='bbox 398 1738 430 1788; x_wconf 90' lang='lat' dir='ltr'>ut</span> <span class='ocrx_word' id='word_1_116' title='bbox 455 1729 496 1787; x_wconf 89' lang='lat' dir='ltr'>ait</span> <span class='ocrx_word' id='word_1_117' title='bbox 517 1745 545 1802; x_wconf 81' lang='lat' dir='ltr'>p.</span> <span class='ocrx_word' id='word_1_118' title='bbox 562 1724 603 1786; x_wconf 86' lang='lat'>36</span> <span class='ocrx_word' id='word_1_119' title='bbox 637 1723 757 1798; x_wconf 85' lang='lat' dir='ltr'>„omnia</span> <span class='ocrx_word' id='word_1_120' title='bbox 790 1735 865 1794; x_wconf 89' lang='lat' dir='ltr'>quae</span> <span class='ocrx_word' id='word_1_121' title='bbox 897 1721 1057 1778; x_wconf 87' lang='lat' dir='ltr'>bestiarum</span> <span class='ocrx_word' id='word_1_122' title='bbox 1098 1724 1167 1776; x_wconf 89' lang='lat' dir='ltr'>sunt</span> <span class='ocrx_word' id='word_1_123' title='bbox 1194 1729 1248 1789; x_wconf 87' lang='lat' dir='ltr'>pro</span> 
     </span>
     <span class='ocr_line' id='line_1_15' title="bbox 101 1815 1248 1907; baseline -0.021 -13"><span class='ocrx_word' id='word_1_124' title='bbox 101 1835 289 1896; x_wconf 85' lang='lat' dir='ltr'>similitudine</span> <span class='ocrx_word' id='word_1_125' title='bbox 321 1833 445 1907; x_wconf 88' lang='lat' dir='ltr'>quadem</span> <span class='ocrx_word' id='word_1_126' title='bbox 478 1829 647 1888; x_wconf 84' lang='lat' dir='ltr'>hominibus</span> <span class='ocrx_word' id='word_1_127' title='bbox 681 1822 893 1884; x_wconf 85' lang='lat' dir='ltr'>attribueruut”</span> <span class='ocrx_word' id='word_1_128' title='bbox 926 1821 978 1894; x_wconf 85' lang='lat' dir='ltr'>(al.</span> <span class='ocrx_word' id='word_1_129' title='bbox 1007 1818 1056 1893; x_wconf 93' lang='lat' dir='ltr'>qui</span> <span class='ocrx_word' id='word_1_130' title='bbox 1083 1819 1139 1876; x_wconf 84' lang='lat' dir='ltr'>ltos</span> <span class='ocrx_word' id='word_1_131' title='bbox 1165 1815 1248 1888; x_wconf 88' lang='lat' dir='ltr'>ipsos</span> 
     </span>
     <span class='ocr_line' id='line_1_16' title="bbox 101 1918 1250 2014; baseline -0.023 -16"><span class='ocrx_word' id='word_1_132' title='bbox 101 1946 245 2014; x_wconf 80' lang='lat' dir='ltr'>oppugnet</span> <span class='ocrx_word' id='word_1_133' title='bbox 276 1927 484 1994; x_wconf 83' lang='lat' dir='ltr'>Pseudaris&#39;tot.</span> <span class='ocrx_word' id='word_1_134' title='bbox 519 1931 547 1988; x_wconf 93' lang='lat' dir='ltr'>iu</span> <span class='ocrx_word' id='word_1_135' title='bbox 571 1928 728 2002; x_wconf 81' lang='lat' dir='ltr'>Physiogn.</span> <span class='ocrx_word' id='word_1_136' title='bbox 751 1941 776 1982; x_wconf 92' lang='lat' dir='ltr'>e.</span> <span class='ocrx_word' id='word_1_137' title='bbox 793 1921 822 1981; x_wconf 87' lang='lat'>1.</span> <span class='ocrx_word' id='word_1_138' title='bbox 847 1939 883 1981; x_wconf 84' lang='lat' dir='ltr'>ex</span> <span class='ocrx_word' id='word_1_139' title='bbox 909 1923 991 1983; x_wconf 79' lang='lat' dir='ltr'>Loxe</span> <span class='ocrx_word' id='word_1_140' title='bbox 1024 1928 1052 1979; x_wconf 87' lang='lat' dir='ltr'>et</span> <span class='ocrx_word' id='word_1_141' title='bbox 1079 1918 1250 1976; x_wconf 88' lang='lat' dir='ltr'>Philemone</span> 
     </span>
     <span class='ocr_line' id='line_1_17' title="bbox 101 2015 1251 2108; baseline -0.023 -8"><span class='ocrx_word' id='word_1_142' title='bbox 101 2057 160 2100; x_wconf 93' lang='lat' dir='ltr'>uuo</span> <span class='ocrx_word' id='word_1_143' title='bbox 181 2048 291 2098; x_wconf 84' lang='lat' dir='ltr'>tantum</span> <span class='ocrx_word' id='word_1_144' title='bbox 307 2039 389 2096; x_wconf 71' lang='lat' dir='ltr'>›looo</span> <span class='ocrx_word' id='word_1_145' title='bbox 415 2035 472 2092; x_wconf 86' lang='lat' dir='ltr'>tale</span> <span class='ocrx_word' id='word_1_146' title='bbox 495 2032 567 2108; x_wconf 87' lang='lat' dir='ltr'>quid</span> <span class='ocrx_word' id='word_1_147' title='bbox 581 2031 657 2089; x_wconf 69' lang='lat' dir='ltr'>⁴uitat</span> <span class='ocrx_word' id='word_1_148' title='bbox 679 2027 788 2086; x_wconf 76' lang='lat' dir='ltr'>albert</span> <span class='ocrx_word' id='word_1_149' title='bbox 811 2041 840 2099; x_wconf 89' lang='lat' dir='ltr'>p.</span> <span class='ocrx_word' id='word_1_150' title='bbox 856 2020 913 2096; x_wconf 83' lang='grc'>34)</span> <span class='ocrx_word' id='word_1_151' title='bbox 951 2038 1067 2081; x_wconf 89' lang='lat' dir='ltr'>morum</span> <span class='ocrx_word' id='word_1_152' title='bbox 1101 2019 1185 2092; x_wconf 80' lang='lat' dir='ltr'>signa</span> <span class='ocrx_word' id='word_1_153' title='bbox 1212 2015 1251 2074; x_wconf 81' lang='lat' dir='ltr'>ed</span> 
     </span>
     <span class='ocr_line' id='line_1_18' title="bbox 101 2119 1250 2212; baseline -0.023 -11"><span class='ocrx_word' id='word_1_154' title='bbox 101 2141 268 2200; x_wconf 86' lang='lat' dir='ltr'>animalium</span> <span class='ocrx_word' id='word_1_155' title='bbox 293 2137 408 2212; x_wconf 86' lang='lat' dir='ltr'>speeies</span> <span class='ocrx_word' id='word_1_156' title='bbox 438 2143 596 2210; x_wconf 82' lang='lat' dir='ltr'>partesque</span> <span class='ocrx_word' id='word_1_157' title='bbox 623 2133 805 2202; x_wconf 85' lang='lat' dir='ltr'>comparatas</span> <span class='ocrx_word' id='word_1_158' title='bbox 832 2127 1007 2183; x_wconf 75' lang='lat' dir='ltr'>relerentesz</span> <span class='ocrx_word' id='word_1_159' title='bbox 1042 2123 1077 2180; x_wconf 88' lang='lat' dir='ltr'>ol.</span> <span class='ocrx_word' id='word_1_160' title='bbox 1099 2121 1180 2179; x_wconf 76' lang='lat' dir='ltr'>Plato</span> <span class='ocrx_word' id='word_1_161' title='bbox 1195 2119 1250 2194; x_wconf 67' lang='lat' dir='ltr'>&#39;an</span> 
     </span>
     <span class='ocr_line' id='line_1_19' title="bbox 101 2218 1251 2316; baseline -0.021 -14"><span class='ocrx_word' id='word_1_162' title='bbox 101 2244 207 2302; x_wconf 82' lang='lat' dir='ltr'>Albert</span> <span class='ocrx_word' id='word_1_163' title='bbox 229 2259 258 2316; x_wconf 92' lang='lat' dir='ltr'>p.</span> <span class='ocrx_word' id='word_1_164' title='bbox 271 2237 314 2300; x_wconf 87' lang='grc'>34</span> <span class='ocrx_word' id='word_1_165' title='bbox 341 2237 525 2298; x_wconf 85' lang='lat' dir='ltr'>de-neribus</span> <span class='ocrx_word' id='word_1_166' title='bbox 545 2257 580 2288; x_wconf 85' lang='lat'>=</span> <span class='ocrx_word' id='word_1_167' title='bbox 600 2234 721 2292; x_wconf 90' lang='lat' dir='ltr'>Polemo</span> <span class='ocrx_word' id='word_1_168' title='bbox 754 2246 782 2302; x_wconf 86' lang='lat' dir='ltr'>p.</span> <span class='ocrx_word' id='word_1_169' title='bbox 798 2225 861 2286; x_wconf 76' lang='grc'>241</span> <span class='ocrx_word' id='word_1_170' title='bbox 890 2227 935 2284; x_wconf 92' lang='lat' dir='ltr'>ed.</span> <span class='ocrx_word' id='word_1_171' title='bbox 963 2226 1054 2282; x_wconf 82' lang='lat' dir='ltr'>Frena</span> <span class='ocrx_word' id='word_1_172' title='bbox 1088 2218 1251 2294; x_wconf 77' lang='lat' dir='ltr'>(cleliam</span> 
     </span>
     <span class='ocr_line' id='line_1_20' title="bbox 99 2317 1250 2419; baseline -0.026 -14"><span class='ocrx_word' id='word_1_173' title='bbox 99 2347 185 2406; x_wconf 82' lang='lat' dir='ltr'>Arist.</span> <span class='ocrx_word' id='word_1_174' title='bbox 207 2343 294 2419; x_wconf 75' lang='lat' dir='ltr'>Phys.</span> <span class='ocrx_word' id='word_1_175' title='bbox 310 2339 384 2414; x_wconf 93' lang='grc'><strong>811,</strong></span> <span class='ocrx_word' id='word_1_176' title='bbox 399 2337 471 2412; x_wconf 88' lang='grc'>32),</span> <span class='ocrx_word' id='word_1_177' title='bbox 499 2339 579 2396; x_wconf 88' lang='lat' dir='ltr'>Plato</span> <span class='ocrx_word' id='word_1_178' title='bbox 599 2353 630 2409; x_wconf 87' lang='lat' dir='ltr'>p.</span> <span class='ocrx_word' id='word_1_179' title='bbox 647 2331 688 2394; x_wconf 88' lang='lat'>35</span> <span class='ocrx_word' id='word_1_180' title='bbox 711 2334 748 2391; x_wconf 92' lang='lat' dir='ltr'>de</span> <span class='ocrx_word' id='word_1_181' title='bbox 770 2329 855 2389; x_wconf 87' lang='lat' dir='ltr'>labiis</span> <span class='ocrx_word' id='word_1_182' title='bbox 875 2351 911 2378; x_wconf 84' lang='lat'>=</span> <span class='ocrx_word' id='word_1_183' title='bbox 926 2327 1045 2386; x_wconf 89' lang='lat' dir='ltr'>Polemo</span> <span class='ocrx_word' id='word_1_184' title='bbox 1066 2340 1095 2396; x_wconf 87' lang='lat' dir='ltr'>p.</span> <span class='ocrx_word' id='word_1_185' title='bbox 1112 2317 1176 2382; x_wconf 83' lang='grc'>258</span> <span class='ocrx_word' id='word_1_186' title='bbox 1198 2319 1250 2392; x_wconf 76' lang='lat' dir='ltr'>(dl.</span> 
     </span>
     <span class='ocr_line' id='line_1_21' title="bbox 99 2419 1252 2519; baseline -0.027 -9"><span class='ocrx_word' id='word_1_187' title='bbox 99 2450 147 2508; x_wconf 81' lang='lat' dir='ltr'>Ar.</span> <span class='ocrx_word' id='word_1_188' title='bbox 162 2445 236 2519; x_wconf 92' lang='grc'>811,</span> <span class='ocrx_word' id='word_1_189' title='bbox 252 2442 409 2515; x_wconf 83' lang='grc'>18-21),</span> <span class='ocrx_word' id='word_1_190' title='bbox 432 2441 513 2498; x_wconf 84' lang='lat' dir='ltr'>Plato</span> <span class='ocrx_word' id='word_1_191' title='bbox 535 2456 564 2511; x_wconf 89' lang='lat' dir='ltr'>p.</span> <span class='ocrx_word' id='word_1_192' title='bbox 580 2433 621 2496; x_wconf 88' lang='lat'>35</span> <span class='ocrx_word' id='word_1_193' title='bbox 634 2453 678 2508; x_wconf 88' lang='lat' dir='ltr'>sq.</span> <span class='ocrx_word' id='word_1_194' title='bbox 702 2436 738 2491; x_wconf 89' lang='lat' dir='ltr'>de</span> <span class='ocrx_word' id='word_1_195' title='bbox 755 2446 805 2489; x_wconf 88' lang='lat' dir='ltr'>ora</span> <span class='ocrx_word' id='word_1_196' title='bbox 820 2451 855 2480; x_wconf 89' lang='lat'>=</span> <span class='ocrx_word' id='word_1_197' title='bbox 870 2430 990 2488; x_wconf 88' lang='lat' dir='ltr'>Polemo</span> <span class='ocrx_word' id='word_1_198' title='bbox 1003 2443 1031 2499; x_wconf 85' lang='lat' dir='ltr'>p.</span> <span class='ocrx_word' id='word_1_199' title='bbox 1048 2420 1111 2504; x_wconf 83' lang='grc'>250</span> <span class='ocrx_word' id='word_1_200' title='bbox 1123 2439 1167 2494; x_wconf 88' lang='lat' dir='ltr'>sq.</span> <span class='ocrx_word' id='word_1_201' title='bbox 1184 2419 1252 2493; x_wconf 86' lang='lat' dir='ltr'>(uhi</span> 
     </span>
     <span class='ocr_line' id='line_1_22' title="bbox 100 2522 1254 2631; baseline -0.029 -17"><span class='ocrx_word' id='word_1_202' title='bbox 100 2569 152 2628; x_wconf 86' lang='lat' dir='ltr'>pro</span> <span class='ocrx_word' id='word_1_203' title='bbox 184 2545 285 2631; x_wconf 77' lang='grc' dir='ltr'><strong><em>κριῶν</em></strong></span> <span class='ocrx_word' id='word_1_204' title='bbox 318 2554 347 2605; x_wconf 89' lang='lat' dir='ltr'>et</span> <span class='ocrx_word' id='word_1_205' title='bbox 372 2561 425 2619; x_wconf 87' lang='lat' dir='ltr'>pro</span> <span class='ocrx_word' id='word_1_206' title='bbox 451 2537 615 2600; x_wconf 74' lang='lat' dir='ltr'>adamantii</span> <span class='ocrx_word' id='word_1_207' title='bbox 641 2553 669 2609; x_wconf 84' lang='lat' dir='ltr'>p.</span> <span class='ocrx_word' id='word_1_208' title='bbox 686 2531 750 2595; x_wconf 83' lang='lat'>398</span> <span class='ocrx_word' id='word_1_209' title='bbox 781 2527 886 2592; x_wconf 79' lang='grc' dir='ltr'><strong><em>νιννιόν</em></strong></span> <span class='ocrx_word' id='word_1_210' title='bbox 911 2545 948 2588; x_wconf 85' lang='lat' dir='ltr'>ex</span> <span class='ocrx_word' id='word_1_211' title='bbox 974 2527 1093 2586; x_wconf 80' lang='lat' dir='ltr'>Alberto</span> <span class='ocrx_word' id='word_1_212' title='bbox 1121 2522 1254 2595; x_wconf 82' lang='lat' dir='ltr'>corrigas</span> 
     </span>
     <span class='ocr_line' id='line_1_23' title="bbox 100 2612 1255 2738; baseline -0.031 -23"><span class='ocrx_word' id='word_1_213' title='bbox 100 2651 220 2738; x_wconf 70' lang='grc' dir='ltr'>κητῶν,</span> <span class='ocrx_word' id='word_1_214' title='bbox 249 2653 319 2710; x_wconf 85' lang='lat' dir='ltr'>item</span> <span class='ocrx_word' id='word_1_215' title='bbox 346 2643 517 2705; x_wconf 90' lang='lat' dir='ltr'>Polemonis</span> <span class='ocrx_word' id='word_1_216' title='bbox 544 2626 765 2715; x_wconf 79' lang='grc' dir='ltr'><strong><em>παντόμωρον</em></strong></span> <span class='ocrx_word' id='word_1_217' title='bbox 792 2641 821 2692; x_wconf 90' lang='lat' dir='ltr'>et</span> <span class='ocrx_word' id='word_1_218' title='bbox 842 2627 1008 2690; x_wconf 81' lang='lat' dir='ltr'>Adamantii</span> <span class='ocrx_word' id='word_1_219' title='bbox 1035 2614 1125 2686; x_wconf 79' lang='grc' dir='ltr'><strong><em>πάνυ</em></strong></span> <span class='ocrx_word' id='word_1_220' title='bbox 1153 2612 1255 2705; x_wconf 79' lang='grc' dir='ltr'><strong><em>βορόν</em></strong></span> 
     </span>
     <span class='ocr_line' id='line_1_24' title="bbox 102 2721 1257 2825; baseline -0.034 -7"><span class='ocrx_word' id='word_1_221' title='bbox 102 2776 136 2818; x_wconf 86' lang='lat' dir='ltr'>ex</span> <span class='ocrx_word' id='word_1_222' title='bbox 157 2753 269 2816; x_wconf 80' lang='lat' dir='ltr'>Alherti</span> <span class='ocrx_word' id='word_1_223' title='bbox 294 2749 473 2825; x_wconf 69' lang='lat' dir='ltr'>„aeranem”</span> <span class='ocrx_word' id='word_1_224' title='bbox 494 2743 641 2817; x_wconf 84' lang='lat' dir='ltr'>intelligas</span> <span class='ocrx_word' id='word_1_225' title='bbox 670 2753 738 2799; x_wconf 88' lang='lat' dir='ltr'>esse</span> <span class='ocrx_word' id='word_1_226' title='bbox 760 2721 982 2812; x_wconf 80' lang='grc' dir='ltr'><strong><em>παντοβόρον.</em></strong></span> <span class='ocrx_word' id='word_1_227' title='bbox 1021 2733 1150 2786; x_wconf 83' lang='lat' dir='ltr'>aeterum</span> <span class='ocrx_word' id='word_1_228' title='bbox 1174 2724 1257 2798; x_wconf 89' lang='lat' dir='ltr'>quod</span> 
     </span>
     <span class='ocr_line' id='line_1_25' title="bbox 100 2825 1256 2920; baseline -0.03 1"><span class='ocrx_word' id='word_1_229' title='bbox 100 2863 136 2920; x_wconf 85' lang='lat' dir='ltr'>ad</span> <span class='ocrx_word' id='word_1_230' title='bbox 170 2857 379 2918; x_wconf 81' lang='lat' dir='ltr'>meledioorum</span> <span class='ocrx_word' id='word_1_231' title='bbox 413 2865 447 2908; x_wconf 91' lang='lat' dir='ltr'>os</span> <span class='ocrx_word' id='word_1_232' title='bbox 481 2845 617 2905; x_wconf 86' lang='lat' dir='ltr'>caninum</span> <span class='ocrx_word' id='word_1_233' title='bbox 645 2842 681 2900; x_wconf 89' lang='lat' dir='ltr'>el.</span> <span class='ocrx_word' id='word_1_234' title='bbox 704 2839 790 2897; x_wconf 82' lang='lat' dir='ltr'>Arist.</span> <span class='ocrx_word' id='word_1_235' title='bbox 806 2833 883 2906; x_wconf 91' lang='grc' dir='ltr'>811,Ι</span> <span class='ocrx_word' id='word_1_236' title='bbox 896 2831 967 2906; x_wconf 88' lang='grc'>26),</span> <span class='ocrx_word' id='word_1_237' title='bbox 1001 2830 1081 2888; x_wconf 82' lang='lat' dir='ltr'>Plato</span> <span class='ocrx_word' id='word_1_238' title='bbox 1103 2845 1131 2901; x_wconf 86' lang='lat' dir='ltr'>p.</span> <span class='ocrx_word' id='word_1_239' title='bbox 1148 2825 1192 2888; x_wconf 88' lang='grc'>38</span> <span class='ocrx_word' id='word_1_240' title='bbox 1219 2828 1256 2886; x_wconf 88' lang='lat' dir='ltr'>de</span> 
     </span>
     <span class='ocr_line' id='line_1_26' title="bbox 100 2925 1257 3028; baseline -0.031 -5"><span class='ocrx_word' id='word_1_241' title='bbox 100 2970 201 3023; x_wconf 90' lang='lat' dir='ltr'>mento</span> <span class='ocrx_word' id='word_1_242' title='bbox 217 2979 253 3010; x_wconf 59' lang='grc' dir='ltr'><strong>π</strong></span> <span class='ocrx_word' id='word_1_243' title='bbox 266 2957 327 3015; x_wconf 95' lang='lat' dir='ltr'>Pol.</span> <span class='ocrx_word' id='word_1_244' title='bbox 343 2972 373 3028; x_wconf 87' lang='lat' dir='ltr'>p.</span> <span class='ocrx_word' id='word_1_245' title='bbox 386 2947 464 3022; x_wconf 78' lang='grc'>257,</span> <span class='ocrx_word' id='word_1_246' title='bbox 487 2949 568 3007; x_wconf 87' lang='lat' dir='ltr'>Plato</span> <span class='ocrx_word' id='word_1_247' title='bbox 583 2961 612 3019; x_wconf 88' lang='lat' dir='ltr'>p.</span> <span class='ocrx_word' id='word_1_248' title='bbox 625 2940 668 3003; x_wconf 90' lang='grc'>38</span> <span class='ocrx_word' id='word_1_249' title='bbox 690 2942 727 2999; x_wconf 87' lang='lat' dir='ltr'>de</span> <span class='ocrx_word' id='word_1_250' title='bbox 748 2955 821 3000; x_wconf 87' lang='lat' dir='ltr'>voee</span> <span class='ocrx_word' id='word_1_251' title='bbox 836 2959 871 2990; x_wconf 65' lang='grc' dir='ltr'><strong>π</strong></span> <span class='ocrx_word' id='word_1_252' title='bbox 886 2936 947 2994; x_wconf 92' lang='lat' dir='ltr'>Pol.</span> <span class='ocrx_word' id='word_1_253' title='bbox 962 2948 992 3006; x_wconf 85' lang='lat' dir='ltr'>p.</span> <span class='ocrx_word' id='word_1_254' title='bbox 1009 2927 1082 3006; x_wconf 81' lang='lat'>253,</span> <span class='ocrx_word' id='word_1_255' title='bbox 1095 2925 1257 2990; x_wconf 79' lang='grc'>255-56.</span> 
     </span>
     <span class='ocr_line' id='line_1_27' title="bbox 102 3033 1257 3131; baseline -0.032 -5"><span class='ocrx_word' id='word_1_256' title='bbox 102 3069 179 3126; x_wconf 88' lang='lat' dir='ltr'>Sunt</span> <span class='ocrx_word' id='word_1_257' title='bbox 198 3071 296 3122; x_wconf 88' lang='lat' dir='ltr'>tamen</span> <span class='ocrx_word' id='word_1_258' title='bbox 320 3055 462 3131; x_wconf 86' lang='lat' dir='ltr'>quaedem</span> <span class='ocrx_word' id='word_1_259' title='bbox 485 3065 560 3124; x_wconf 84' lang='lat' dir='ltr'>quoe</span> <span class='ocrx_word' id='word_1_260' title='bbox 582 3060 662 3105; x_wconf 88' lang='lat' dir='ltr'>nune</span> <span class='ocrx_word' id='word_1_261' title='bbox 688 3044 718 3102; x_wconf 92' lang='lat' dir='ltr'>in</span> <span class='ocrx_word' id='word_1_262' title='bbox 740 3039 909 3100; x_wconf 91' lang='lat' dir='ltr'>Polemonis</span> <span class='ocrx_word' id='word_1_263' title='bbox 932 3040 1014 3094; x_wconf 83' lang='lat' dir='ltr'>textu</span> <span class='ocrx_word' id='word_1_264' title='bbox 1046 3033 1182 3092; x_wconf 84' lang='lat' dir='ltr'>videlieet</span> <span class='ocrx_word' id='word_1_265' title='bbox 1203 3046 1257 3109; x_wconf 52' lang='lat' dir='ltr'>nef</span> 
     </span>
     <span class='ocr_line' id='line_1_28' title="bbox 102 3135 1258 3245; baseline -0.034 -16"><span class='ocrx_word' id='word_1_266' title='bbox 102 3170 247 3245; x_wconf 80' lang='lat' dir='ltr'>gligeuter</span> <span class='ocrx_word' id='word_1_267' title='bbox 268 3165 406 3232; x_wconf 82' lang='lat' dir='ltr'>excerpto</span> <span class='ocrx_word' id='word_1_268' title='bbox 429 3162 459 3213; x_wconf 92' lang='lat' dir='ltr'>et</span> <span class='ocrx_word' id='word_1_269' title='bbox 480 3151 600 3210; x_wconf 91' lang='lat' dir='ltr'>minime</span> <span class='ocrx_word' id='word_1_270' title='bbox 622 3147 750 3220; x_wconf 83' lang='lat' dir='ltr'>integro,</span> <span class='ocrx_word' id='word_1_271' title='bbox 778 3144 808 3202; x_wconf 91' lang='lat' dir='ltr'>id</span> <span class='ocrx_word' id='word_1_272' title='bbox 831 3141 911 3216; x_wconf 91' lang='lat' dir='ltr'>quod</span> <span class='ocrx_word' id='word_1_273' title='bbox 933 3137 1026 3198; x_wconf 85' lang='lat' dir='ltr'>cuivis</span> <span class='ocrx_word' id='word_1_274' title='bbox 1048 3135 1156 3210; x_wconf 86' lang='lat' dir='ltr'>legenti</span> <span class='ocrx_word' id='word_1_275' title='bbox 1178 3139 1258 3208; x_wconf 83' lang='lat' dir='ltr'>patet</span> 
     </span>
     <span class='ocr_line' id='line_1_29' title="bbox 101 3231 1257 3346; baseline -0.032 -15"><span class='ocrx_word' id='word_1_276' title='bbox 101 3268 265 3346; x_wconf 72' lang='lat' dir='ltr'>(eteniam</span> <span class='ocrx_word' id='word_1_277' title='bbox 293 3261 375 3336; x_wconf 79' lang='lat' dir='ltr'>„ex”</span> <span class='ocrx_word' id='word_1_278' title='bbox 404 3257 477 3316; x_wconf 90' lang='lat' dir='ltr'>illud</span> <span class='ocrx_word' id='word_1_279' title='bbox 503 3248 703 3325; x_wconf 81' lang='lat' dir='ltr'>inscriptionis</span> <span class='ocrx_word' id='word_1_280' title='bbox 729 3246 795 3305; x_wconf 91' lang='lat' dir='ltr'>libri</span> <span class='ocrx_word' id='word_1_281' title='bbox 819 3242 971 3315; x_wconf 81' lang='lat' dir='ltr'>secundi),</span> <span class='ocrx_word' id='word_1_282' title='bbox 1004 3231 1064 3300; x_wconf 85' lang='lat' dir='ltr'>non</span> <span class='ocrx_word' id='word_1_283' title='bbox 1097 3236 1257 3320; x_wconf 84' lang='lat' dir='ltr'>habentur:</span> 
     </span>
     <span class='ocr_line' id='line_1_30' title="bbox 102 3338 1260 3439; baseline -0.033 -5"><span class='ocrx_word' id='word_1_284' title='bbox 102 3375 140 3434; x_wconf 88' lang='lat' dir='ltr'>ita</span> <span class='ocrx_word' id='word_1_285' title='bbox 164 3371 243 3432; x_wconf 90' lang='lat' dir='ltr'>enim</span> <span class='ocrx_word' id='word_1_286' title='bbox 266 3359 498 3439; x_wconf 81' lang='lat' dir='ltr'>comparationes</span> <span class='ocrx_word' id='word_1_287' title='bbox 521 3352 689 3415; x_wconf 86' lang='lat' dir='ltr'>animalium</span> <span class='ocrx_word' id='word_1_288' title='bbox 712 3365 787 3422; x_wconf 87' lang='lat' dir='ltr'>ques</span> <span class='ocrx_word' id='word_1_289' title='bbox 803 3363 839 3405; x_wconf 87' lang='lat' dir='ltr'>ex</span> <span class='ocrx_word' id='word_1_290' title='bbox 851 3347 970 3403; x_wconf 91' lang='lat' dir='ltr'>Platone</span> <span class='ocrx_word' id='word_1_291' title='bbox 988 3340 1113 3400; x_wconf 87' lang='lat' dir='ltr'>servarit</span> <span class='ocrx_word' id='word_1_292' title='bbox 1122 3338 1260 3398; x_wconf 72' lang='lat' dir='ltr'>Alternus</span> 
     </span>
     <span class='ocr_line' id='line_1_31' title="bbox 102 3435 1259 3551; baseline -0.036 -16"><span class='ocrx_word' id='word_1_293' title='bbox 102 3494 131 3551; x_wconf 85' lang='lat' dir='ltr'>p.</span> <span class='ocrx_word' id='word_1_294' title='bbox 147 3473 192 3536; x_wconf 84' lang='grc'>66</span> <span class='ocrx_word' id='word_1_295' title='bbox 215 3471 269 3546; x_wconf 88' lang='lat' dir='ltr'>(de</span> <span class='ocrx_word' id='word_1_296' title='bbox 291 3467 367 3526; x_wconf 86' lang='lat' dir='ltr'>eollo</span> <span class='ocrx_word' id='word_1_297' title='bbox 386 3485 422 3514; x_wconf 73' lang='grc' dir='ltr'>-τ</span> <span class='ocrx_word' id='word_1_298' title='bbox 441 3461 502 3520; x_wconf 93' lang='lat' dir='ltr'>Pol.</span> <span class='ocrx_word' id='word_1_299' title='bbox 526 3475 554 3532; x_wconf 86' lang='lat' dir='ltr'>p.</span> <span class='ocrx_word' id='word_1_300' title='bbox 573 3451 634 3515; x_wconf 83' lang='grc'>259</span> <span class='ocrx_word' id='word_1_301' title='bbox 659 3459 688 3510; x_wconf 90' lang='lat' dir='ltr'>et</span> <span class='ocrx_word' id='word_1_302' title='bbox 709 3450 779 3508; x_wconf 84' lang='lat' dir='ltr'>ibid.</span> <span class='ocrx_word' id='word_1_303' title='bbox 803 3448 839 3506; x_wconf 91' lang='lat' dir='ltr'>de</span> <span class='ocrx_word' id='word_1_304' title='bbox 862 3453 1029 3520; x_wconf 80' lang='lat' dir='ltr'>gutture:</span> <span class='ocrx_word' id='word_1_305' title='bbox 1048 3441 1109 3499; x_wconf 91' lang='lat' dir='ltr'>Pol.</span> <span class='ocrx_word' id='word_1_306' title='bbox 1132 3455 1161 3511; x_wconf 86' lang='lat' dir='ltr'>p.</span> <span class='ocrx_word' id='word_1_307' title='bbox 1177 3435 1259 3510; x_wconf 82' lang='grc'>264)</span> 
     </span>
     <span class='ocr_line' id='line_1_32' title="bbox 104 3539 1261 3652; baseline -0.035 -13"><span class='ocrx_word' id='word_1_308' title='bbox 104 3586 133 3640; x_wconf 90' lang='lat' dir='ltr'>et</span> <span class='ocrx_word' id='word_1_309' title='bbox 153 3593 184 3652; x_wconf 83' lang='lat' dir='ltr'>p.</span> <span class='ocrx_word' id='word_1_310' title='bbox 201 3571 242 3634; x_wconf 79' lang='lat' dir='ltr'>dn</span> <span class='ocrx_word' id='word_1_311' title='bbox 265 3565 473 3644; x_wconf 83' lang='lat' dir='ltr'>(delatoribus</span> <span class='ocrx_word' id='word_1_312' title='bbox 489 3581 525 3612; x_wconf 90' lang='lat'>-·=</span> <span class='ocrx_word' id='word_1_313' title='bbox 539 3559 600 3618; x_wconf 88' lang='lat' dir='ltr'>Pol.</span> <span class='ocrx_word' id='word_1_314' title='bbox 613 3574 641 3631; x_wconf 86' lang='lat' dir='ltr'>p.</span> <span class='ocrx_word' id='word_1_315' title='bbox 655 3550 726 3614; x_wconf 80' lang='grc'>273.</span> <span class='ocrx_word' id='word_1_316' title='bbox 745 3551 781 3611; x_wconf 84' lang='grc'>61.</span> <span class='ocrx_word' id='word_1_317' title='bbox 794 3549 881 3608; x_wconf 79' lang='lat' dir='ltr'>Arist</span> <span class='ocrx_word' id='word_1_318' title='bbox 893 3544 982 3607; x_wconf 77' lang='grc'><strong>8101)</strong></span> <span class='ocrx_word' id='word_1_319' title='bbox 993 3539 1136 3614; x_wconf 87' lang='grc'><strong>14-16)</strong></span> <span class='ocrx_word' id='word_1_320' title='bbox 1152 3541 1261 3600; x_wconf 81' lang='lat' dir='ltr'>desunt</span> 
     </span>
     <span class='ocr_line' id='line_1_33' title="bbox 104 3640 1261 3740; baseline -0.035 -1"><span class='ocrx_word' id='word_1_321' title='bbox 104 3682 134 3738; x_wconf 90' lang='lat' dir='ltr'>in</span> <span class='ocrx_word' id='word_1_322' title='bbox 156 3673 328 3738; x_wconf 89' lang='lat' dir='ltr'>Polemonis</span> <span class='ocrx_word' id='word_1_323' title='bbox 359 3668 433 3728; x_wconf 89' lang='lat' dir='ltr'>loeis</span> <span class='ocrx_word' id='word_1_324' title='bbox 462 3665 513 3740; x_wconf 89' lang='lat' dir='ltr'>qui</span> <span class='ocrx_word' id='word_1_325' title='bbox 538 3662 597 3720; x_wconf 92' lang='lat' dir='ltr'>illis</span> <span class='ocrx_word' id='word_1_326' title='bbox 624 3655 819 3730; x_wconf 62' lang='lat' dir='ltr'>respondeum</span> <span class='ocrx_word' id='word_1_327' title='bbox 853 3649 907 3709; x_wconf 86' lang='lat' dir='ltr'>elia</span> <span class='ocrx_word' id='word_1_328' title='bbox 934 3647 1013 3722; x_wconf 85' lang='lat' dir='ltr'>apud</span> <span class='ocrx_word' id='word_1_329' title='bbox 1039 3645 1118 3702; x_wconf 88' lang='lat' dir='ltr'>huno</span> <span class='ocrx_word' id='word_1_330' title='bbox 1140 3640 1261 3702; x_wconf 89' lang='lat' dir='ltr'>omnino</span> 
     </span>
     <span class='ocr_line' id='line_1_34' title="bbox 106 3735 1263 3842; baseline -0.036 0"><span class='ocrx_word' id='word_1_331' title='bbox 106 3783 281 3842; x_wconf 89' lang='lat' dir='ltr'>omittuntur</span> <span class='ocrx_word' id='word_1_332' title='bbox 311 3773 392 3832; x_wconf 88' lang='lat' dir='ltr'>velut</span> <span class='ocrx_word' id='word_1_333' title='bbox 424 3783 499 3842; x_wconf 88' lang='lat' dir='ltr'>quae</span> <span class='ocrx_word' id='word_1_334' title='bbox 534 3765 571 3823; x_wconf 89' lang='lat' dir='ltr'>de</span> <span class='ocrx_word' id='word_1_335' title='bbox 590 3759 679 3819; x_wconf 77' lang='lat' dir='ltr'>eollo</span> <span class='ocrx_word' id='word_1_336' title='bbox 713 3758 828 3813; x_wconf 87' lang='lat' dir='ltr'>fuerant</span> <span class='ocrx_word' id='word_1_337' title='bbox 859 3752 938 3826; x_wconf 86' lang='lat' dir='ltr'>apud</span> <span class='ocrx_word' id='word_1_338' title='bbox 969 3749 1119 3807; x_wconf 85' lang='lat' dir='ltr'>Platonem</span> <span class='ocrx_word' id='word_1_339' title='bbox 1150 3735 1263 3804; x_wconf 77' lang='lat' dir='ltr'>Al&#39;berti</span> 
     </span>
     <span class='ocr_line' id='line_1_35' title="bbox 108 3845 1263 3960; baseline -0.034 -17"><span class='ocrx_word' id='word_1_340' title='bbox 108 3901 136 3960; x_wconf 85' lang='lat' dir='ltr'>p.</span> <span class='ocrx_word' id='word_1_341' title='bbox 153 3880 195 3942; x_wconf 83' lang='grc'>66</span> <span class='ocrx_word' id='word_1_342' title='bbox 219 3885 248 3938; x_wconf 91' lang='lat' dir='ltr'>et</span> <span class='ocrx_word' id='word_1_343' title='bbox 270 3878 306 3936; x_wconf 91' lang='lat' dir='ltr'>de</span> <span class='ocrx_word' id='word_1_344' title='bbox 329 3873 418 3932; x_wconf 89' lang='lat' dir='ltr'>ilibus</span> <span class='ocrx_word' id='word_1_345' title='bbox 439 3886 467 3944; x_wconf 88' lang='lat' dir='ltr'>p.</span> <span class='ocrx_word' id='word_1_346' title='bbox 485 3865 526 3928; x_wconf 75' lang='grc'><strong>71</strong></span> <span class='ocrx_word' id='word_1_347' title='bbox 549 3865 636 3925; x_wconf 86' lang='lat' dir='ltr'>etde</span> <span class='ocrx_word' id='word_1_348' title='bbox 658 3860 776 3918; x_wconf 82' lang='lat' dir='ltr'>incessu</span> <span class='ocrx_word' id='word_1_349' title='bbox 800 3871 828 3928; x_wconf 89' lang='lat' dir='ltr'>p.</span> <span class='ocrx_word' id='word_1_350' title='bbox 845 3850 897 3925; x_wconf 76' lang='grc'>78,</span> <span class='ocrx_word' id='word_1_351' title='bbox 925 3853 962 3910; x_wconf 82' lang='grc'>16</span> <span class='ocrx_word' id='word_1_352' title='bbox 989 3850 1075 3908; x_wconf 85' lang='lat' dir='ltr'>labiis</span> <span class='ocrx_word' id='word_1_353' title='bbox 1098 3845 1263 3906; x_wconf 86' lang='lat' dir='ltr'>seeundum</span> 
     </span>
     <span class='ocr_line' id='line_1_36' title="bbox 109 3945 1264 4061; baseline -0.036 -15"><span class='ocrx_word' id='word_1_354' title='bbox 109 3977 312 4061; x_wconf 79' lang='lat' dir='ltr'>„Platonicos”</span> <span class='ocrx_word' id='word_1_355' title='bbox 333 3993 367 4049; x_wconf 73' lang='lat' dir='ltr'>p:</span> <span class='ocrx_word' id='word_1_356' title='bbox 378 3969 421 4034; x_wconf 83' lang='grc'>36</span> <span class='ocrx_word' id='word_1_357' title='bbox 444 3969 596 4044; x_wconf 71' lang='grc'><strong>(6161161.</strong></span> <span class='ocrx_word' id='word_1_358' title='bbox 611 3959 686 4034; x_wconf 89' lang='grc'><strong>811,</strong></span> <span class='ocrx_word' id='word_1_359' title='bbox 702 3955 854 4029; x_wconf 76' lang='grc'>24-26).</span> <span class='ocrx_word' id='word_1_360' title='bbox 898 3953 1035 4012; x_wconf 86' lang='lat' dir='ltr'>Ceterum</span> <span class='ocrx_word' id='word_1_361' title='bbox 1057 3958 1086 4010; x_wconf 85' lang='lat' dir='ltr'>et</span> <span class='ocrx_word' id='word_1_362' title='bbox 1098 3945 1264 4007; x_wconf 79' lang='lat' dir='ltr'>Aristotelis</span> 
     </span>
     <span class='ocr_line' id='line_1_37' title="bbox 110 4047 1263 4150; baseline -0.039 -2"><span class='ocrx_word' id='word_1_363' title='bbox 110 4091 264 4150; x_wconf 78' lang='lat' dir='ltr'>secretum</span> <span class='ocrx_word' id='word_1_364' title='bbox 297 4087 326 4138; x_wconf 87' lang='lat' dir='ltr'>et</span> <span class='ocrx_word' id='word_1_365' title='bbox 354 4075 481 4136; x_wconf 87' lang='lat' dir='ltr'>eundern</span> <span class='ocrx_word' id='word_1_366' title='bbox 509 4071 659 4128; x_wconf 88' lang='lat' dir='ltr'>Platonem</span> <span class='ocrx_word' id='word_1_367' title='bbox 682 4062 761 4146; x_wconf 73' lang='lat' dir='ltr'>nitet</span> <span class='ocrx_word' id='word_1_368' title='bbox 786 4058 951 4117; x_wconf 79' lang='lat' dir='ltr'>Alexander</span> <span class='ocrx_word' id='word_1_369' title='bbox 977 4057 1013 4114; x_wconf 85' lang='lat' dir='ltr'>ab</span> <span class='ocrx_word' id='word_1_370' title='bbox 1040 4049 1204 4111; x_wconf 83' lang='lat' dir='ltr'>Alexandro</span> <span class='ocrx_word' id='word_1_371' title='bbox 1234 4047 1263 4104; x_wconf 90' lang='lat' dir='ltr'>d.</span> 
     </span>
     <span class='ocr_line' id='line_1_38' title="bbox 112 4146 1263 4267; baseline -0.039 -17"><span class='ocrx_word' id='word_1_372' title='bbox 112 4193 179 4267; x_wconf 66' lang='lat' dir='ltr'>genss</span> <span class='ocrx_word' id='word_1_373' title='bbox 195 4187 229 4259; x_wconf 83' lang='lat' dir='ltr'>ll,</span> <span class='ocrx_word' id='word_1_374' title='bbox 245 4181 285 4242; x_wconf 82' lang='grc'>19</span> <span class='ocrx_word' id='word_1_375' title='bbox 309 4197 337 4255; x_wconf 85' lang='lat' dir='ltr'>p.</span> <span class='ocrx_word' id='word_1_376' title='bbox 353 4173 420 4238; x_wconf 84' lang='grc'>208</span> <span class='ocrx_word' id='word_1_377' title='bbox 440 4176 487 4232; x_wconf 87' lang='lat' dir='ltr'>ed.</span> <span class='ocrx_word' id='word_1_378' title='bbox 508 4169 621 4231; x_wconf 84' lang='lat' dir='ltr'>Franel.</span> <span class='ocrx_word' id='word_1_379' title='bbox 644 4163 729 4226; x_wconf 79' lang='lat'>1594</span> <span class='ocrx_word' id='word_1_380' title='bbox 758 4163 810 4236; x_wconf 83' lang='lat' dir='ltr'>(el.</span> <span class='ocrx_word' id='word_1_381' title='bbox 834 4161 894 4219; x_wconf 85' lang='lat' dir='ltr'>Pol.</span> <span class='ocrx_word' id='word_1_382' title='bbox 917 4177 946 4234; x_wconf 88' lang='lat' dir='ltr'>p.</span> <span class='ocrx_word' id='word_1_383' title='bbox 962 4154 1035 4228; x_wconf 80' lang='grc'>249,</span> <span class='ocrx_word' id='word_1_384' title='bbox 1058 4152 1106 4211; x_wconf 83' lang='lat' dir='ltr'>llr.</span> <span class='ocrx_word' id='word_1_385' title='bbox 1122 4146 1263 4222; x_wconf 90' lang='grc'>812,12,</span> 
     </span>
     <span class='ocr_line' id='line_1_39' title="bbox 111 4248 1266 4364; baseline -0.04 -11"><span class='ocrx_word' id='word_1_386' title='bbox 111 4283 359 4364; x_wconf 64' lang='grc'><strong>1166666142).</strong></span> <span class='ocrx_word' id='word_1_387' title='bbox 407 4277 509 4350; x_wconf 87' lang='lat' dir='ltr'>Neque</span> <span class='ocrx_word' id='word_1_388' title='bbox 541 4281 640 4331; x_wconf 87' lang='lat' dir='ltr'>tamen</span> <span class='ocrx_word' id='word_1_389' title='bbox 666 4266 857 4327; x_wconf 79' lang='lat' dir='ltr'>Adamantius</span> <span class='ocrx_word' id='word_1_390' title='bbox 889 4263 1018 4320; x_wconf 86' lang='lat' dir='ltr'>ineertne</span> <span class='ocrx_word' id='word_1_391' title='bbox 1050 4255 1137 4328; x_wconf 87' lang='lat' dir='ltr'>plane</span> <span class='ocrx_word' id='word_1_392' title='bbox 1164 4248 1266 4310; x_wconf 79' lang='lat' dir='ltr'>aetatis</span> 
     </span>
    </p>
   </div>
   <div class='ocr_carea' id='block_1_3' title="bbox 115 4353 1269 4519">
    <p class='ocr_par' dir='ltr' id='par_1_3' title="bbox 115 4353 1269 4519">
     <span class='ocr_line' id='line_1_40' title="bbox 115 4353 1269 4468; baseline -0.037 -13"><span class='ocrx_word' id='word_1_393' title='bbox 115 4395 240 4468; x_wconf 80' lang='lat' dir='ltr'>seriptor</span> <span class='ocrx_word' id='word_1_394' title='bbox 262 4389 352 4448; x_wconf 88' lang='lat' dir='ltr'>allum</span> <span class='ocrx_word' id='word_1_395' title='bbox 373 4389 461 4454; x_wconf 88' lang='lat' dir='ltr'>atqua</span> <span class='ocrx_word' id='word_1_396' title='bbox 483 4375 615 4436; x_wconf 83' lang='lat' dir='ltr'>mutilum</span> <span class='ocrx_word' id='word_1_397' title='bbox 638 4373 721 4430; x_wconf 91' lang='lat' dir='ltr'>illum</span> <span class='ocrx_word' id='word_1_398' title='bbox 748 4365 829 4427; x_wconf 87' lang='lat' dir='ltr'>novit</span> <span class='ocrx_word' id='word_1_399' title='bbox 849 4365 1047 4423; x_wconf 85' lang='lat' dir='ltr'>Polemonem.</span> <span class='ocrx_word' id='word_1_400' title='bbox 1092 4357 1157 4414; x_wconf 90' lang='lat' dir='ltr'>Non</span> <span class='ocrx_word' id='word_1_401' title='bbox 1179 4353 1269 4427; x_wconf 80' lang='lat' dir='ltr'>igitur</span> 
     </span>
     <span class='ocr_line' id='line_1_41' title="bbox 1025 4456 1066 4519; baseline -0.024 0"><span class='ocrx_word' id='word_1_402' title='bbox 1025 4456 1066 4519; x_wconf 87' lang='grc'>15</span> 
     </span>
    </p>
   </div>
   <div class='ocr_carea' id='block_1_4' title="bbox 162 4495 504 4561">
    <p class='ocr_par' dir='ltr' id='par_1_4' title="bbox 162 4495 504 4561">
     <span class='ocr_line' id='line_1_42' title="bbox 162 4495 504 4561; baseline -0.058 1"><span class='ocrx_word' id='word_1_403' title='bbox 162 4519 227 4561; x_wconf 82' lang='lat' dir='ltr'>ltose</span> <span class='ocrx_word' id='word_1_404' title='bbox 244 4509 273 4557; x_wconf 86' lang='lat' dir='ltr'>de</span> <span class='ocrx_word' id='word_1_405' title='bbox 285 4503 351 4554; x_wconf 85' lang='lat' dir='ltr'>libris</span> <span class='ocrx_word' id='word_1_406' title='bbox 364 4495 504 4548; x_wconf 83' lang='lat' dir='ltr'>llristotelis.</span> 
     </span>
    </p>
   </div>
   <div class='ocr_carea' id='block_1_5' title="bbox 0 0 1538 5162">
    <p class='ocr_par' dir='ltr' id='par_1_5' title="bbox 0 0 1538 5162">
     <span class='ocr_line' id='line_1_43' title="bbox 0 0 1538 5162; baseline 0 0"><span class='ocrx_word' id='word_1_407' title='bbox 0 0 1538 5162; x_wconf 95' lang='lat' dir='ltr'> </span> 
     </span>
    </p>
   </div>
  </div>
 </body>
</html>
