3072 5164
765 286 807 348 38

212 454 302 526 praet.
345 454 442 516 iustas
474 446 669 532 paraphrases
695 457 872 518 'themistius
903 463 935 515 ut
960 455 1024 528 ipse
1052 453 1122 524 dicit
1148 453 1261 527 primus
1288 451 1365 522 iuter

211 563 457 624 commentatores
479 559 613 621 instituit.
657 559 758 634 Neque
785 559 873 632 igitur
898 557 961 616 heri
988 555 1083 630 potuit
1108 562 1140 613 ut
1166 556 1196 624 in
1223 555 1278 614 hac
1300 552 1364 626 ipsa

212 657 366 730 doctorum
389 661 553 724 studiorum
575 660 788 737 restauratione
816 659 841 720 si
864 659 972 734 scripta
993 657 1182 732 Pythagorica
1204 654 1366 720 111111111-

214 757 298 818 telica
332 761 494 838 composita
515 761 641 828 inissent
671 763 745 820 adeo
769 767 953 820 constantem
976 756 1154 832 antiquitatis
1177 758 1283 826 samam
1304 754 1367 820 adi·

213 857 399 934 piscarentur
424 864 470 922 vel
498 865 576 948 apud
602 864 740 948 aequales
761 871 795 922 ’11
817 861 976 936 dionysius
997 861 1045 935 (V,
1060 857 1139 932 430)
1167 859 1244 925 inter
1270 858 1366 932 philo·

212 962 324 1034 sophos
357 963 504 1025 sermonis
535 980 624 1024 causa
657 965 799 1040 legendos
831 965 1031 1040 Pythagoreos
1064 961 1283 1030 commendaret
1312 960 1365 1032 (ei.

212 1060 351 1122 Posiden.
375 1081 420 1138 ap.
445 1065 506 1136 Gai.
522 1066 556 1140 V,
571 1065 660 1140 478).
705 1059 781 1126 Rara
802 1073 900 1124 tamen
923 1071 951 1134 et
973 1072 1077 1138 postea
1097 1064 1240 1124 librorum
1262 1062 1368 1136 Pytha·

214 1163 381 1249 garicorum
408 1172 440 1225 ut
467 1174 631 1230 ceterorum
658 1175 790 1228 veterum
816 1167 1059 1240 philosophorum
1083 1164 1259 1237 exemplaria
1286 1168 1369 1228 etant

214 1262 360 1338 (simplic.
384 1267 451 1326 Seh.
467 1264 519 1339 80,
535 1266 577 1330 32
604 1271 640 1329 11.
665 1270 793 1344 eundem
818 1271 855 1331 de
877 1267 1006 1342 Diogene
1028 1266 1134 1340 Apoll,
1161 1263 1280 1324 Melissa
1296 1262 1368 1335 ete.)

213 1373 334 1454 propter
355 1367 453 1441 ipsum
476 1371 538 1434 scil.
568 1358 813 1452 &praetimerent
839 1362 895 1430 καὶ
921 1360 1071 1435 naturaie
1097 1364 1194 1433 πῖνον,
1221 1364 1369 1428 sermonis

216 1463 334 1540 (lambi.
353 1483 380 1526 v.
397 1469 427 1526 P.
445 1467 523 1542 157)
552 1472 767 1545 dialectumque
793 1471 927 1542 Doricam
954 1469 1038 1542 cuius
1065 1468 1185 1542 quidem
1210 1473 1312 1540 postea
1338 1465 1368 1528 in

167 1621 172 1631 ,
215 1564 262 1627 his
294 1569 399 1639 parthn
431 1571 461 1632 iu
495 1573 644 1648 vulgarem
678 1571 834 1632 translatae
866 1572 913 1644 (ut
940 1571 1114 1630 factumest
1138 1567 1172 1636 m
1198 1568 1370 1634 Charondae

214 1669 366 1738 prooemio
389 1687 405 1730 a
428 1674 554 1734 Stabaeo
577 1675 652 1734 Tiar.
668 1674 720 1748 44,
736 1673 778 1734 40
801 1680 911 1748 etpost
927 1671 1007 1730 Stoh.
1024 1671 1055 1728 in
1070 1669 1172 1740 anito
1187 1677 1215 1736 et
1230 1675 1368 1742 excerpto

216 1764 356 1845 Archyta)
390 1773 477 1854 etiam
511 1775 669 1856 Gregorius
703 1775 881 1846 Corinthius,
909 1775 1094 1850 Tryphonem
1128 1778 1206 1842 perte
1239 1770 1289 1832 ille
1309 1783 1371 1832 nou

217 1876 337 1947 Siculus
371 1873 419 1946 (ut
439 1877 551 1958 putarit
571 1878 738 1938 Beckmann
760 1895 789 1954 p.
807 1875 843 1950 7)
876 1875 984 1950 quippe
1012 1874 1063 1948 qui
1090 1873 1163 1937 alios
1189 1871 1289 1945 patna
1317 1870 1370 1943 (el.

217 1967 298 2028 Suid.
315 1988 339 2029 s.
356 1990 393 2046 1.,
416 1976 531 2050 Ahreus
554 1980 590 2041 de
606 1980 672 2040 dial.
689 1981 755 2039 Dor.
771 1996 801 2056 p.
814 1974 870 2046 25)
893 1984 922 2035 et
944 1975 1096 2049 ulteriores
1119 1974 1215 2042 tontes
1227 1969 1371 2044 hahuerit,

217 2068 273 2126 sihi
297 2071 485 2146 illustrandae
513 2094 656 2143 canonem
684 2096 749 2142 curn
772 2079 924 2140 Theocrito
952 2076 1058 2136 sumsit
1078 2075 1234 2148 Archytam
1261 2073 1370 2147 (praef,-

217 2169 283 2243 nd
306 2175 351 2234 ed.
377 2177 529 2252 Schaeier)
573 2197 676 2253 revera
711 2182 753 2240 illi
788 2188 817 2242 et
849 2179 1020 2254 antiquitate
1053 2184 1082 2236 et
1114 2175 1230 2244 dialecti
1259 2174 1372 2242 ratione

220 2273 347 2333 similem
373 2279 424 2349 (11.
448 2279 563 2356 Ahrers
587 2282 623 2340 de
646 2283 712 2359 diai
736 2284 799 2351 dor.
821 2298 850 2356 p.
867 2279 908 2342 23
921 2297 965 2354 sq.
991 2278 1043 2354 qui
1072 2278 1151 2352 quod
1178 2276 1215 2341 de
1241 2275 1373 2342 Philoleo

220 2375 373 2465 haesitavit
395 2397 423 2456 p.
440 2380 482 2452 24
510 2383 539 2441 id
565 2383 703 2460 Roeclrhii
731 2384 826 2460 magis
853 2380 1017 2444 auctoritati
1040 2378 1189 2448 concessit
1212 2393 1300 2451 quam
1322 2392 1373 2444 ve.-

219 2477 318 2550 ritati).
367 2481 478 2566 Eadem
503 2483 557 2547 suit
581 2485 608 2544 si
632 2485 790 2545 canonicos
818 2491 850 2558 ut
872 2484 911 2545 ita
939 2483 1036 2552 dicam
1057 2481 1076 2540 i.
1100 2497 1125 2550 e.
1149 2495 1218 2550 rere
1240 2479 1373 2554 philoso-

211 2578 323 2656 phicos
345 2581 437 2656 lihros
461 2585 589 2664 excipias
611 2587 866 2663 Aristotelicorum
891 2585 996 2659 raritas
1023 2599 1113 2658 quum
1140 2589 1169 2650 et
1191 2596 1266 2654 duat
1288 2586 1375 2650 1114111

220 2680 346 2770 maxime
367 2684 541 2758 legebantur
562 2687 702 2760 historica
722 2703 802 2756 nuno
824 2688 963 2756 cederent
984 2682 1152 2758 theoreticis
1175 2689 1204 2742 et
1218 2698 1295 2756 quae
1308 2681 1375 2755 plur

220 2782 294 2851 rima
316 2793 399 2846 erant
419 2775 676 2870 ὑπομνηματικᾶ
699 2798 799 2866 utpote
821 2789 923 2864 peiora
937 2802 992 2856 nea
1007 2787 1067 2860 [ere
1083 2785 1180 2856 studio
1197 2781 1376 2856 diligentiori

221 2885 309 2960 digna
342 2904 433 2960 quum
464 2890 495 2950 in
521 2891 686 2955 Aristotelis
719 2891 850 2952 doctrina
880 2889 1054 2949 illustranda
1079 2902 1139 2948 non
1165 2885 1376 2950 adhiberentur

211 2986 339 3068 (simpl
362 2990 429 3048 Seh.
446 2991 498 3064 24,
514 2993 571 3066 44)
606 2994 732 3052 lectione
763 3006 881 3066 quoque
908 2990 1127 3064 negligerentur
1154 3000 1316 3058 rursusque
1342 2989 1376 3046 ut

221 3095 290 3163 arte
314 3088 515 3166 Andronicum
547 3109 605 3160 usu
631 3094 839 3154 interciderent
865 3108 924 3152 non
951 3100 1048 3160 tamen
1076 3090 1181 3160 iterum
1209 3093 1310 3162 pastea
1338 3085 1375 3144 ah

220 3189 323 3262 inseris
345 3192 477 3260 61111111·
520 3194 635 3268 Etenim
658 3194 810 3268 Strabonis
838 3195 892 3256 hac
920 3200 1013 3252 aetate
1038 3190 1282 3266 philosophorum
1308 3185 1376 3244 lihri

221 3291 353 3366 undique
380 3293 592 3379 rolligehauiur
618 3303 647 3354 et
675 3296 897 3374 diligentissima
923 3295 955 3354 in
981 3284 1124 3365 mirator
1151 3305 1231 3360 nuno
1257 3288 1376 3358 demum

222 3399 375 3473 accuratos
397 3395 611 3471 reserebantur:
635 3398 678 3468 sia
699 3397 871 3477 Apollonius
893 3397 996 3472 Tyrius
1020 3393 1163 3463 Strabone
1185 3398 1255 3462 natu
1276 3388 1378 3468 paullq

222 3493 316 3569 maior
343 3496 502 3556 Andronici
530 3507 562 3560 ut
591 3499 705 3564 ridetur
734 3500 864 3578 aequalis
892 3487 993 3560 ὁτόν
1022 3486 1147 3556 πίνακα
1177 3486 1290 3566 ἐκθεὶς
1309 3483 1378 3551 ‘aaa

222 3581 292 3655 ἀπὸ
316 3586 472 3678 Ζήνωνος
494 3592 694 3685 φιλοσόφων
714 3594 771 3663 καὶ
791 3599 857 3662 coir
877 3589 1018 3679 βιβλίων
1040 3588 1377 3671 (81111110-111111368)

224 3695 273 3776 qui
297 3697 436 3769 epistolas
460 3717 578 3776 quoque
600 3705 739 3779 apposuit
760 3704 808 3778 (11..
821 3705 853 3762 h.
868 3699 898 3774 7,
912 3701 961 3776 6);
985 3699 1028 3760 sie
1043 3706 1072 3758 et
1087 3698 1220 3774 ipsomm
1234 3695 1378 3754 lihrorum

224 3811 299 3870 quos
320 3797 486 3860 Aristotelis
509 3810 537 3863 et
558 3804 749 3879 Theophrasti
775 3804 895 3865 nomine
924 3802 1081 3876 inscriptos
1103 3799 1216 3860 invenit
1237 3811 1379 3870 quorum-

222 3913 281 3970 que
302 3911 335 3956 ut
357 3908 521 3982 ceterorum
543 3907 815 3982 antiquissimorum
837 3905 1097 3979 Peripateticorum
1120 3899 1325 3972 thalusiopem
1341 3912 1380 3956 cx

223 4001 439 4088 exemplaribus
461 4009 617 4082 anonymis
638 4009 743 4081 partim
765 4008 924 4084 profectam
940 4005 1016 4080 tituli
1031 4004 1072 4062 illi
1087 4002 1171 4072 multi
1186 4001 1263 4060 inter
1276 3999 1379 4074 plures

224 4103 387 4190 seeundum
410 4113 541 4168 veterum
556 4108 725 4173 testimonia
739 4108 880 4182 ipsosque
892 4107 979 4176 etiam
991 4106 1108 4174 codices
1121 4103 1224 4165 incerti
1235 4106 1381 4160 testantur

224 4203 275 4274 (cf.
298 4210 414 4286 praeter
434 4207 593 4292 Eudemea
617 4209 810 4280 Theodectea,
838 4210 980 4283 Menoaea
1008 4207 1063 4266 alia
1084 4206 1189 4288 Athen..
1206 4201 1236 4275 6,
1252 4197 1325 4262 273.
1346 4196 1380 4274 8,

222 4299 294 4386 341.
310 4305 340 4376 4,
357 4303 419 4368 144
431 4316 485 4370 111.
510 4310 586 4386 inter
608 4310 795 4384 Aristotelem
810 4317 840 4371 11
848 4310 1080 4384 Theophrastum
1103 4302 1317 4379 incertitudinis
1329 4316 1382 4368 nav
