3072 5164
681 357 723 422 33
790 445 796 458 .

118 529 191 591 277.
224 533 261 590 cl.
285 547 322 592 ex
353 533 453 606 Simpl.
477 529 757 605 cottonianae.)
785 565 824 574 -
854 534 1015 608 &teguriis
1048 541 1081 594 ut
1112 537 1274 612 Protopicis

119 633 171 705 (61.
195 633 265 706 Top.
281 631 343 703 1,9
366 633 445 708 1611.)
471 634 577 708 Topica
604 643 634 694 et
655 635 761 694 deinde
785 635 932 710 hnalytica
954 635 1160 710 subiunxisse‚
1183 655 1274 713 quum

120 734 300 807 posteriores
327 735 396 794 inda
423 722 646 796 ah'hlexandro
673 736 701 794 in
729 736 829 794 multis
856 737 892 794 ah
914 738 1043 811 antiquis
1064 739 1275 812 interpretibus

120 838 276 896 recedente
299 835 349 908 (61.
373 835 472 910 ipsum
493 853 539 911 ap.
563 837 665 896 Doeth.
689 837 756 897 Scit.
773 836 838 898 956
852 840 922 911 616.)
945 838 1068 913 logicam
1092 839 1275 914 disciplinam

120 937 204 1009 (Seh.
218 935 359 1010 141,19)
382 937 422 998 ita
443 941 573 1012 legerent
596 944 628 996 nt
650 940 811 1013 categorias
834 947 864 998 et
884 940 993 998 lihrnm
1014 961 1051 1002 rr.
1075 929 1146 1023 ἑρμ.
1170 957 1277 1016 seque-

120 1045 222 1096 rentur
242 1038 392 1114 hnalytica
413 1039 512 1114 priora
537 1046 566 1098 et
588 1039 766 1113 posteriora,
794 1041 901 1100 deinde
923 1042 1029 1116 Topica
1055 1059 1122 1101 cum
1145 1043 1275 1118 Sophist

121 1140 173 1212 (61.
197 1138 278 1198 Alex.
301 1141 338 1198 acl
360 1141 413 1198 Α6.
437 1157 480 1214 66.
505 1138 662 1200 1451139.
685 1141 798 1216 Ρ611ο6.
823 1139 972 1217 195666.
1001 1151 1031 1202 61
1051 1144 1157 1202 laisum
1179 1144 1223 1203 ΑΙ.
1245 1145 1276 1203 16

122 1241 214 1314 Soph.
227 1239 300 1313 296,
312 1238 379 1314 30).
424 1241 537 1302 Titulus
558 1259 627 1302 vero
650 1243 699 1303 ille
722 1261 814 1317 quum
830 1260 866 1303 ex
878 1244 975 1304 studio
991 1247 1119 1320 quodam
1134 1245 1276 1304 lihrorum

122 1343 287 1400 secunlum
309 1350 512 1416 argumentum
535 1345 766 1404 eminentiorum
788 1346 937 1419 profectus
954 1346 993 1405 sit
1004 1347 1040 1404 ad
1052 1347 1276 1406 Alexandrinam

121 1451 247 1504 aetatem
268 1457 328 1502 non
351 1443 445 1518 magis
468 1445 570 1504 6616661
592 1455 690 1519 661661
711 1464 800 1520 quam
822 1447 907 1506 cuius
930 1449 1033 1506 eadem
1055 1447 1128 1507 ratio
1151 1449 1277 1508 661116-

122 1546 343 1621 taphysicorum
364 1559 473 1604 nomen
497 1545 900 1622 (61.6611.33,20.30,18),
923 1547 1196 1623 quohndronicum
1212 1550 1277 1609 sine

124 1647 215 1705 rluhio
249 1652 369 1706 secutus
395 1646 533 1706 Nicolaus
566 1665 640 1708 usus
667 1658 721 1708 661
769 1650 881 1708 llorum
907 1667 977 1710 vero
1004 1651 1278 1711 6611116-611661

123 1748 203 1806 eninr
226 1755 295 1806 sunt
311 1740 389 1829 περὶ
401 1741 610 1833 φιλοσοφίας
632 1751 698 1810 11661
714 1783 754 1831 5·
770 1751 800 1809 in
812 1761 914 1811 nostro
926 1752 1064 1826 Diogenis
1077 1753 1182 1811 Laertii
1197 1761 1279 1812 textu

124 1830 166 1910 ut¹
183 1850 325 1910 librorum
351 1851 570 1925 zoologicormn
598 1853 781 1926 aliorumque
808 1855 967 1912 multorum
994 1861 1022 1912 61
1048 1854 1278 1914 clarissimorum

123 1951 244 2024 quidem
266 1952 408 2012 librorum
429 1953 576 2014 intercidit
598 1955 634 2012 ab
657 1954 723 2029 ipso
746 1963 864 2014 auctore
887 1961 965 2013 carta
980 1969 1041 2013 non
1055 1956 1174 2031 omissa,
1198 1958 1279 2031 quod

124 2054 210 2112 tacet
230 2054 402 2132 Anonymus
424 2060 472 2117 vel
493 2056 540 2114 his
556 2071 671 2132 ponens
687 2056 893 2131 Metaphysiea
916 2057 1044 2131 primum
1058 2057 1089 2115 iu
1103 2058 1170 2132 ipso
1182 2057 1279 2118 indice

123 2169 160 2212 ex
181 2155 248 2230 ipso
270 2159 400 2234 Diogene
424 2159 499 2218 sicut
522 2159 579 2218 vita
601 2157 764 2232 praemissa
785 2158 876 2232 petito
899 2152 1144 2241 (Μεταφυσικᾶ
1165 2148 1193 2220 κ’
1216 2160 1235 2218 i.
1252 2176 1278 2220 6.

124 2255 159 2326 Χ,
176 2258 314 2318 noollll:
338 2269 477 2336 posuerat
498 2261 577 2320 enim
599 2259 681 2334 Diog.
703 2253 788 2320 κατὰ
810 2259 973 2338 στοιχεῖον
993 2250 1025 2322 α’
1046 2251 1078 2340 ff
1100 2250 1129 2342 γ’
1151 2249 1181 2322 δ’
1203 2249 1281 2338 ἐξ

122 2346 153 2438 η’
176 2347 214 2418 θ’
236 2349 259 2420 ι’
282 2350 321 2437 κ’,
337 2361 867 2437 666611611616666616166616616666
881 2362 1073 2422 Aristotelicis
1086 2379 1146 2422 non
1159 2371 1190 2422 ut
1201 2363 1279 2438 apud

125 2462 357 2537 Theophrastum
379 2472 584 2524 numeraretur
604 2464 680 2523 liher
694 2453 733 2540 ς’,
756 2463 792 2522 el.
806 2463 974 2540 Simplicius
997 2464 1034 2523 16
1057 2464 1182 2540 septimo
1205 2466 1280 2541 Phy-

125 2564 255 2624 sicorum
277 2566 296 2625 i.
320 2583 346 2626 e.
368 2556 398 2649 η’
421 2565 574 2640 8616416,
587 2565 655 2640 46),
679 2567 786 2626 deinde
808 2565 838 2624 16
860 2567 1022 2640 appendice
1045 2583 1104 2642 quo
1126 2574 1195 2641 post
1217 2583 1280 2626 car·

124 2668 237 2728 minum
270 2669 451 2730 mentionem
472 2667 583 2729 ‘addito
613 2677 645 2728 ut
670 2668 758 2727 vitam
785 2666 823 2726 ito
850 2666 977 2726 indicem
1005 2680 1042 2726 cx
1068 2669 1125 2728 alio
1153 2670 1281 2744 quotam

128 2775 210 2832 lente
231 2772 342 2831 novitio
365 2771 512 2846 supplevit
534 2771 676 2845 quaedam
700 2768 757 2826 iam
779 2769 862 2842 prius
884 2767 980 2842 posita
1002 2769 1185 2844 negligenter
1198 2787 1284 2845 repe-

127 2882 202 2934 tens.
247 2873 401 2934 Assentior
423 2873 501 2932 enim
523 2870 655 2931 Fabricio
670 2871 702 2928 B.
720 2871 753 2928 G.
770 2870 847 2928 Harl.
863 2870 910 2942 111,
925 2866 988 2930 105
1011 2886 1065 2944 666
1087 2872 1216 2930 ahsunlo
1231 2872 1282 2931 illo

126 2971 206 3058 περὶ
237 2973 411 3060 ῥητορικῆς
441 2974 500 3058 τῆς
520 2964 732 3056 μεταφορικὰ
759 2959 782 3031 ι’
820 2972 873 3044 (de
896 2986 955 3046 quo
981 2970 1068 3045 plane
1094 2974 1284 3033 666616666-

127 3083 221 3156 poseh
253 3081 327 3140 ilhar
352 3077 439 3139 16161.
466 3076 558 3150 Logih
580 3093 609 3150 p.
631 3072 671 3134 61
710 3074 947 3148 chronologicam
977 3073 1120 3132 rationem
1152 3075 1283 3134 inferens

126 3183 164 3242 61)
194 3181 331 3240 omnihus
360 3179 407 3240 his
437 3177 716 3238 commentatorihus
742 3175 883 3249 alienam)
916 3176 1074 3250 legendnm
1106 3192 1174 3236 6666
1206 3172 1286 3259 περὶ

128 3279 310 3367 ῥητορικῆς,
331 3278 397 3342 τῶν
419 3282 497 3354 (6166
518 3275 591 3361 τῆς)
611 3269 695 3356 μετὰ
716 3270 759 3338 τὰ
778 3269 904 3360 φυσικὰ
928 3265 951 3338 ι’
974 3278 1028 3350 (--
1043 3277 1094 3350 ll).
1121 3278 1283 3338 Haecsatis

128 3387 256 3462 6666661
276 3383 391 3444 indices
412 3383 553 3442 librorum
577 3382 680 3455 quales
702 3381 793 3438 altero
815 3388 883 3454 post
906 3378 972 3438 Chr.
996 3379 1097 3438 seculo
1116 3381 1286 3454 1666666166

130 3481 225 3563 (τούς
249 3483 307 3548 νῦν
332 3476 537 3568 φερομένους
563 3474 707 3554 πίνακας
737 3482 807 3540 61611
833 3482 1021 3555 Plutarchus)
1054 3497 1114 3540 uon
1148 3497 1216 3542 6666
1249 3497 1286 3543 ex

129 3587 325 3650 Alexandrina
340 3594 432 3646 aetate
444 3587 631 3660 repetendos,
644 3584 672 3642 id
686 3584 766 3658 qnod
778 3591 807 3642 61
817 3584 963 3643 Plutarchi
975 3583 1115 3642 iuhicium
1127 3583 1286 3660 (saltate)

131 3691 285 3752 confirmat
311 3696 341 3747 et
367 3687 524 3748 Ptolemaei
556 3688 681 3746 eundem
710 3701 798 3760 quem
821 3685 966 3759 Diogenes
993 3687 1104 3746 lentem
1131 3686 1286 3748 manilesto

132 3788 588 3854 661666166ιί66116666616661
610 3787 725 3848 61166116
747 3786 956 3846 testimonium.

216 3892 332 3953 Etenim
358 3898 433 3948 616
460 3891 656 3964 grammaticis
683 3889 722 3948 116
749 3889 785 3946 ah
812 3887 885 3962 ipsis
912 3888 1111 3964 Peripateticis
1138 3889 1287 3950 doctrinae

131 3995 288 4056 1661111666
311 3991 457 4052 contentis
479 3991 607 4066 666666
624 3992 684 4050 lere
707 3992 807 4050 secula
819 3989 999 4064 (tte—50)
1015 3994 1181 4065 neglectum
1194 3992 1287 4050 luisse

133 4097 320 4156 Aristotelem
353 4095 538 4166 maximeque
571 4093 663 4152 libros
696 4092 916 4166 philosophicos
944 4093 1006 4152 sive
1033 4094 1113 4166 quod
1139 4093 1216 4149 idern
1243 4099 1289 4150 est

135 4198 293 4272 genuinos,
316 4197 347 4256 id
370 4197 489 4269 quidem
512 4201 590 4252 recte
613 4195 685 4253 (lixit
708 4195 811 4253 Straho
835 4193 896 4266 (ill,
913 4191 976 4252 124
991 4196 1036 4253 en.
1052 4194 1208 4265 Touana),
1234 4193 1288 4251 secl

134 4301 289 4372 neglectus
311 4297 365 4358 luit
386 4313 446 4356 non
469 4305 500 4356 ut
522 4296 696 4370 opinabatur
719 4295 822 4354 Strabo
844 4302 965 4368 propter
986 4296 1126 4354 librorum
1143 4295 1290 4352 delectum

136 4416 224 4476 quern
247 4400 305 4458 iam
329 4400 436 4458 Paulus
459 4399 569 4458 Benius
592 4397 693 4456 reiecit
725 4398 770 4468 (ln
793 4397 862 4454 Plat.
887 4397 959 4454 Tim.
984 4397 1089 4454 Decacl.
1113 4395 1289 4455 66611666.

179 4526 245 4567 11666
263 4517 292 4564 tle
306 4515 524 4564 11161616161616116.
1069 4494 1089 4554 3
