3036 5164
653 317 748 412 aaa(
827 381 829 386 .
965 365 967 378 ·

100 525 143 582 de
165 523 284 582 incessu
307 523 343 580 do
366 529 448 582 motu
470 523 557 582 anim.
593 523 629 586 de
661 523 718 582 vita
739 499 775 582 et
797 533 890 584 morte
925 528 1108 600 maximeque
1131 529 1258 594 Politice.
1325 555 1327 558 ·

99 627 260 684 Nediumm
289 624 367 684 enim
398 624 466 681 licat
488 612 591 684 harum
614 641 712 682 rerum
735 633 764 684 et
786 627 911 699 primum
941 624 989 704 (cl.
1013 631 1103 688 verba
1125 631 1190 692 cius
1212 652 1257 710 ap.
1329 681 1330 687 ,

98 728 182 784 itote.
196 725 267 788 233.
280 725 359 800 234)
382 734 532 786 auctorem
555 734 584 786 ct
605 719 862 801 diligentissimum
875 744 1023 802 quemque
1033 717 1144 804 posteri
1156 751 1260 798 omues
1326 739 1342 752 ”

98 830 305 890 exscriberem
326 829 435 888 multos
451 829 553 886 ‘tarum
577 829 668 888 libros
683 829 902 902 cessionesque
924 831 1078 908 ignorasse
1102 837 1147 894 vel
1168 853 1204 896 ex
1224 849 1261 898 eo

99 938 184 1014 patet
205 933 285 1005 quod
308 932 418 990 nullam
441 931 542 989 haberi
564 931 604 988 ait
624 912 692 990 libri·
715 913 751 990 dc
773 947 866 990 seusu
886 948 975 1005 quem
999 949 1036 992 ex
1057 936 1159 998 Partis
1180 955 1207 1013 q'.
1231 943 1259 1000 d.

57 1089 79 1108 ,⁴
101 1033 289 1092 naturalibus
312 1034 409 1092 solum
432 1032 564 1090 nominat
590 1034 757 1092 versionem
791 1031 839 1110 (ci.
864 1033 1029 1096 aenaeae.
1053 1032 1284 1113 oas.1,306:*
1332 1053 1336 1058 ’

100 1151 182 1208 quos
203 1136 332 1194 correxit
354 1134 480 1194 lladschi
503 1134 556 1192 Kb.
574 1132 603 1206 5,
620 1132 692 1212 75);“
720 1136 750 1194 in
778 1153 867 1210 quern
895 1142 924 1194 et
949 1137 1002 1196 ibn
1024 1140 1157 1200 Badsche
1180 1159 1261 1220 epm.
1356 1160 1358 1165 ·

101 1239 253 1296 mentatus
276 1245 323 1296 cst
345 1223 374 1296 et
394 1243 490 1296 exstat
513 1236 649 1296 Averrois
671 1237 857 1312 paraphrasis
880 1245 908 1297 et
930 1238 1018 1298 buius
1041 1241 1107 1300 libri
1130 1251 1159 1302 et
1181 1229 1200 1302 l.
1224 1248 1272 1306 de·

102 1339 249 1398 memoria
280 1348 309 1398 et
330 1355 436 1398 somno
465 1341 561 1412 deque
583 1339 662 1412 long.
685 1347 715 1398 et
736 1340 815 1397 brev.
841 1339 922 1398 ritae.
968 1341 1087 1402 Politice
1113 1361 1183 1404 vere
1210 1363 1263 1407 our
1313 1389 1315 1400 .

104 1457 268 1514 numquam
294 1443 436 1500 translata
461 1429 569 1528 luerint
595 1448 687 1499 etex
714 1425 849 1516 ipserum*
873 1439 1044 1514 argumento
1071 1452 1100 1504 et
1122 1461 1159 1504 ax
1181 1463 1260 1507 com·
1296 1426 1299 1431 ¹

104 1551 304 1604 montanorum
332 1543 509 1602 Graecorum
528 1539 670 1617 'neglectu
697 1543 780 1605 lacile
808 1543 984 1616 explicatur:
1018 1547 1098 1618 quod
1118 1545 1197 1604 enim
1221 1545 1260 1604 ait

104 1647 251 1704 Averroes
278 1647 309 1704 in
336 1645 394 1704 line
415 1645 529 1704 comm.
557 1645 594 1702 ed
616 1645 679 1702 Eth.
708 1660 741 1702 se
768 1644 833 1702 libri
860 1645 939 1704 illius
966 1661 1026 1720 quo
1051 1645 1260 1704 continuentur

106 1747 207 1808 Ethica
234 1749 272 1808 dc
300 1748 442 1822 regimine
466 1747 540 1804 vitae
562 1746 582 1804 i.
605 1762 631 1804 6.
657 1745 845 1804 politicorum
879 1763 967 1820 quem
988 1745 1111 1807 Arabiae
1144 1747 1201 1821 legi
1223 1764 1260 1806 ex

108 1849 243 1908 Aliarabii
262 1850 382 1910 'verbis
408 1851 484 1908 bene
518 1848 598 1906 novit
630 1849 762 1906 nondum
795 1846 944 1923 exemplar
970 1854 1087 1904 nactum
1113 1863 1196 1920 aesc,
1230 1850 1261 1908 id

112 1957 223 2022 spectat
246 1953 351 2010 librum
379 1953 462 2010 illum
488 1951 578 2024 apud·
593 1949 703 2007 Arabes
726 1947 913 2007 Pelirioorum
940 1947 1060 2006 uomina
1086 1948 1260 2020 inscriptura

110 2051 160 2124 (cl.
185 2053 307 2112 lladschi
330 2055 383 2112 Kb.
401 2051 430 2127 5,
447 2051 497 2112 97.
523 2053 619 2110 Wenr.
635 2068 664 2124 p.
681 2047 743 2108 136
767 2035 851 2108 cuius
873 2063 1002 2106 errorem
1018 2050 1144 2106 correxit
1157 2049 1259 2108 Ranae

107 2157 147 2212 de
169 2155 240 2230 phil.
262 2157 352 2231 perip.
366 2174 412 2231 ap.
425 2156 488 2230 Syr.
501 2171 530 2228 p.
547 2150 600 2228 57)
624 2153 661 2210 dc
683 2150 825 2224 regimine
847 2137 1012 2223 principum
1035 2149 1109 2224 (siva
1132 2151 1169 2208 de
1183 2151 1261 2224 regi-

107 2257 187 2314 mine
220 2257 294 2316 vitae
322 2259 358 2317 da
381 2255 632 2316 administratione
659 2251 741 2326 regin
770 2253 806 2310 de
828 2252 952 2312 sanitate
974 2252 1084 2310 tuenda
1099 2248 1167 2323 etc)
1198 2253 1262 2313 sive
1299 2273 1300 2276 ¹

106 2360 261 2418 Secretnm
295 2361 480 2431 secretorum
506 2358 543 2416 ad
569 2356 766 2416 Alexandrum
794 2355 928 2428 Magnum
963 2353 1060 2420 medio
1078 2332 1158 2410 'aava
1184 2353 1263 2424 apud

106 2460 227 2536 Latinos
251 2461 474 2520 celeberrimum
496 2468 526 2518 et
547 2458 578 2516 in
602 2465 667 2514 octo
691 2456 893 2515 distinctiones
916 2453 1044 2512 divisum
1064 2468 1124 2512 sec.
1147 2453 1260 2526 prolog.
1305 2487 1308 2492 ι
1372 2435 1375 2442 ’

108 2561 252 2636 Phihppi,
265 2563 392 2628 auctoris
414 2569 510 2620 minen
534 2567 566 2618 ut
587 2559 644 2616 alia
664 2559 753 2626 multa
778 2557 858 2630 apud
881 2556 991 2614 Arabes
1014 2553 1114 2614 Gelani
1137 2553 1263 2612 maxime

107 2665 363 2740 pseudepigrapha
397 2671 426 2722 et
460 2660 656 2721 recentissimi
689 2667 718 2716 et
750 2657 904 2716 manilasto
935 2655 1101 2714 Christiani.
1146 2643 1264 2712 macter

107 2765 216 2829 librum
238 2767 385 2825 decimum
402 2763 558 2840 (Arabibus
571 2761 621 2835 qui
634 2759 762 2834 primum
773 2765 929 2816 numerant
943 2750 982 2816 τὸ
995 2745 1026 2814 α’
1050 2745 1186 2816 ἔλαττον
1207 2771 1262 2814 nn·

106 2867 267 2944 decimum)
290 2868 395 2942 reliqui
419 2879 522 2924 omnes
545 2861 810 2936 Metaphysicerum
825 2859 891 2918 libri
903 2856 1041 2916 Averrois
1053 2853 1263 2912 commentario

106 2971 242 3031 instructi
258 2977 362 3028 erant:
385 2970 464 3026 bunc
487 2966 564 3024 euim
587 2980 647 3022 non
669 2963 823 3036 ignorasse
834 2960 927 3018 libros
937 2948 971 3035 μ’
984 2967 1013 3017 et
1023 2945 1062 3028 ν’,
1086 2972 1264 3030 quamquam

107 3089 167 3132 non
189 3079 287 3132 exstat
308 3067 405 3130 versio
431 3068 529 3140 latina,
557 3074 586 3125 et
612 3081 648 3124 ex
674 3063 854 3139 praelatione
877 3061 941 3150 aimus
964 3060 994 3119 iu
1017 3062 1035 3117 l.
1059 3059 1109 3116 ΧΗ
1131 3057 1265 3131 sequitur

106 3183 137 3234 et
159 3192 196 3236 ex
218 3178 391 3246 argumento
407 3170 557 3243 Epitomee
579 3168 644 3226 eius
661 3167 691 3224 in
703 3166 874 3239 hletaphys,
897 3163 1132 3221 cuinstraetatns
1144 3159 1265 3234 quintus

105 3277 164 3336 etsi
186 3293 225 3336 ne
246 3275 295 3336 bic
316 3271 437 3346 quidem
458 3270 547 3328 latine
570 3284 683 3342 versus,
707 3274 827 3341 propter
842 3265 940 3338 ipsum
963 3265 1087 3322 sortasse
1109 3277 1266 3336 argumen-

107 3387 173 3436 tum
188 3393 270 3436 mere
282 3375 414 3434 criticum
426 3374 587 3446 neglectus,
611 3370 724 3428 tertiam
738 3386 775 3426 ax
786 3366 942 3426 Alexandri
953 3365 1100 3423 divisione
1115 3365 1266 3438 metaphy-
1323 3427 1325 3431 ,

107 3480 188 3538 sicae
212 3476 419 3552 disputationis
441 3483 551 3548 partem
573 3473 729 3531 continens
752 3470 941 3544 „speculatur
963 3467 999 3524 de
1014 3466 1155 3526 subiectis
1171 3465 1268 3524 scien·

109 3581 219 3640 riarum
240 3577 459 3662 particularium
480 3583 510 3632 et
532 3581 663 3632 removet
684 3589 787 3631 eorum
813 3584 928 3628 errores
950 3567 1079 3640 inques
1101 3565 1268 3624 inciderunt
1355 3631 1358 3642 Ι

108 3683 241 3756 antiqui'
274 3681 337 3758 (Av.
372 3678 447 3753 lipit.
471 3672 659 3751 paenae.
697 3671 793 3747 saep.
827 3673 863 3730 oi.
898 3669 1011 3728 Comm.
1034 3669 1064 3726 in
1087 3669 1153 3726 Met
1171 3663 1266 3726 2876.

109 3784 221 3858 2906).
266 3785 366 3842 Exstat
386 3787 538 3855 praeterea
559 3777 655 3836 versio
679 3775 820 3834 liebraica
841 3773 984 3832 librorum
1007 3771 1063 3830 sil.
1076 3758 1104 3828 κ’
1116 3767 1268 3842 exceperis

109 3888 246 3951 omnium
268 3900 365 3958 usque
387 3884 424 3940 ad
446 3882 499 3940 litt.
522 3881 607 3951 Mem,
642 3893 717 3952 quae
746 3891 804 3934 see.
839 3875 973 3934 ordinem
1006 3871 1152 3946 alphabeti
1179 3870 1268 3927 Hebr.

112 3989 275 4064 respondet
297 3987 425 4046 Graecae
447 3983 499 4042 litt.
524 3972 550 4040 ν’
575 3980 622 4054 (ef.
646 3996 723 4054 vers.
747 3977 827 4036 Pauli
850 3978 901 4034 lsr.
924 3992 952 4048 p.
965 3971 1061 4034 2876.
1072 3969 1188 4047 2901)),
1222 3969 1269 4026 cui

113 4107 191 4165 opus
215 4106 302 4148 suurn
326 4106 351 4147 a.
376 4085 460 4146 1192
483 4084 611 4142 finientis
640 4080 778 4154 vsequitur
800 4077 976 4150 subscriptio
999 4073 1136 4134 Averrois
1160 4067 1271 4148 (Pasini

115 4193 208 4252 Codd.
221 4192 291 4250 Mss.
304 4190 420 4248 Taurin.
437 4189 449 4246 l
464 4203 492 4259 p.
506 4183 548 4243 14
561 4183 637 4262 sq).¹
666 4182 785 4242 Latinae
808 4187 905 4252 autem
928 4175 1073 4236 versionis
1089 4170 1161 4250 (non
1172 4179 1270 4230 textus

114 4294 243 4372 Arabici)
277 4294 350 4351 aliae
383 4305 503 4364 quoque
536 4289 654 4344 luerunt
682 4285 803 4343 lacunae
836 4277 884 4359 (cl.
907 4280 1005 4352 Rogcr
1026 4277 1103 4334 Baco
1126 4273 1270 4347 0p.mai.
1350 4349 1353 4355 Ι

116 4413 146 4468 p.
162 4393 228 4472 46),
251 4396 331 4454 velut
352 4392 419 4451 libri
435 4381 465 4450 α’
491 4389 604 4449 initium
617 4386 751 4443 mutilum
764 4403 792 4458 p.
807 4383 843 4442 b'a
857 4380 971 4460 (incipit
983 4379 1061 4438 enirn
1074 4375 1103 4448 1,
1116 4373 1145 4435 5.
1156 4372 1229 4446 987,
1238 4373 1271 4450 9)

164 4519 229 4561 ltoac
249 4509 354 4558 delibris
373 4495 513 4556 Aristotelis.
1032 4479 1073 4538 10
1184 4559 1188 4572 ι
