3072 5164
774 342 796 407 8

211 514 331 588 similia,
365 513 566 576 deluderem
593 511 735 576 librorum
769 518 806 576 de
832 515 921 574 rebus
947 508 1147 587 singularibus
1174 505 1365 586 peculiarium

211 635 278 678 eum
300 619 535 691 Theophrasteae
557 618 660 676 aetatis
682 611 862 712 monobiblis
878 615 1122 674 conferendorum
1149 613 1240 684 multi,
1264 618 1294 670 et
1307 608 1366 684 ipsi

210 737 228 779 a
254 719 496 793 pbilosophorum
524 719 724 778 Democriteus
751 719 852 778 aetatis
881 717 1040 791 scriptione
1065 723 1160 774 totum
1187 713 1258 788 quid
1285 727 1365 772 corn·

211 819 412 895 prehendente
434 819 600 892 alieniores,
623 850 665 860 -
687 835 778 894 quum
800 823 872 879 haec
895 819 984 894 igitur
1005 819 1103 878 omnia
1126 823 1263 892 suspecta
1286 821 1365 884 sunt,

211 928 272 980 tum
306 921 352 980 vel
379 937 415 980 ex
437 921 510 995 ipsis
531 921 625 980 titulis
652 927 718 979 octo
744 921 786 981 illi
813 921 878 980 libri
906 919 1185 979 commentationum
1207 917 1366 976 ethicarurn

213 1037 288 1095 quos
315 1022 382 1096 ipso
404 1022 510 1080 indicis
537 1022 620 1080 initio
642 1023 768 1097 legimus
795 1025 897 1081 oetam
924 1021 1033 1096 quippe
1059 1020 1210 1094 deperdito
1237 1025 1367 1093 praeter·

212 1123 305 1182 misso
333 1112 555 1204 (Πυθαγόρης
577 1126 648 1196 etc.)
675 1123 821 1195 diversas,
848 1131 881 1182 ut
906 1123 1066 1197 fragmenta
1093 1123 1199 1180 docere
1221 1121 1366 1190 videntur,

211 1240 229 1281 a
251 1224 469 1284 commentariis
492 1225 550 1284 ilbs
573 1225 772 1299 singularibus
795 1239 870 1300 quos
894 1221 1012 1299 spurios
1035 1232 1113 1282 recte
1132 1221 1202 1282 dicit
1217 1221 1248 1280 C.
1264 1222 1369 1280 bldller

213 1325 354 1384 barbarae
388 1325 549 1402 sapientiae
576 1327 689 1386 tabulas
716 1333 870 1386 narrantes
895 1326 1145 1397 barbarorumque
1177 1322 1368 1398 philosopho-

213 1441 277 1487 rum
305 1443 395 1501 opera
421 1436 634 1487 commentatos
663 1427 836 1488 bruciorum
868 1429 947 1486 velut
973 1425 1037 1484 Doli
1064 1425 1212 1500 Aegyptii,
1245 1427 1281 1484 de
1308 1439 1367 1499 quo

213 1534 291 1586 errat
313 1529 453 1588 bltlllerue
475 1527 710 1602 irrisorque
734 1545 801 1588 cuna
823 1528 976 1588 Mullacbio
998 1524 1103 1600 (156),
1127 1527 1252 1585 Dardani
1274 1527 1368 1585 Phoe*

214 1627 299 1700 nicia,
322 1628 454 1690 Acichari
470 1632 622 1708 Babylonii
638 1635 675 1692 de
691 1647 750 1707 quo
766 1633 852 1692 etiam
868 1631 1089 1704 Theophrastus
1105 1625 1262 1702 scripsisse
1277 1629 1369 1686 iertur

212 1731 254 1800 (r.
271 1729 358 1802 ind),
381 1733 515 1806 aliorum,
538 1735 617 1793 velot
638 1734 852 1794 Alexandrinae
874 1733 1006 1792 eiusdem
1022 1730 1124 1790 aetatis
1139 1730 1289 1789 Coeranus
1303 1731 1384 1804 phi-¹

213 1833 358 1905 losophus
395 1835 489 1908 (apud
518 1834 654 1907 Plinium,
678 1835 713 1893 ci.
738 1835 788 1909 qui
810 1835 979 1893 ferebantur
1001 1823 1188 1914 Koporr'deg
1213 1831 1367 1904 Hermes).

214 1933 337 1992 Hermes
347 1933 518 2010 Aegyptius,
541 1937 695 2010 Nechepso
710 1943 741 1994 et
753 1935 895 1994 Petosiris
909 1933 959 2009 qui
974 1934 1020 1992 rel
1031 1933 1205 2009 Pythagorei
1220 1941 1369 2002 vocantur,

214 2033 345 2106 Morbus,
370 2033 505 2109 Ostanes,
529 2039 645 2096 Zaratas
668 2037 730 2096 sire
743 2039 925 2094 Zoroastres.
972 2035 1052 2102 Quae
1075 2036 1172 2094 studia
1194 2036 1230 2094 de
1252 2034 1370 2110 populis

214 2133 342 2194 Orientis
353 2137 492 2197 historica
503 2138 660 2198 Alexandri
672 2145 765 2196 aetate
777 2138 813 2196 ab
825 2135 1017 2196 Aristotelicis
1025 2137 1225 2210 Theophrasto
1237 2137 1368 2195 Eudemo

213 2234 338 2308 aliisque
369 2237 486 2313 incepta
511 2241 548 2298 ab
574 2237 779 2296 Alexandrinis
812 2245 845 2296 ut
872 2239 936 2312 ipsa
969 2239 1051 2298 urbis
1079 2238 1207 2296 conditio
1235 2239 1369 2311 situsque

214 2336 325 2396 terebat
346 2339 533 2412 potissimum
557 2340 739 2411 colebantur,
763 2340 955 2413 eiusdemque
978 2340 1040 2399 aeri
1063 2341 1296 2399 Ptolemaeorum
1312 2339 1369 2398 sci-

213 2436 282 2496 licet
313 2439 400 2513 primi
430 2448 461 2499 et
488 2440 611 2499 secundi
643 2442 835 2501 barbarorum
866 2443 903 2499 ad
935 2443 1008 2500 haee
1039 2441 1136 2500 studia
1168 2440 1369 2500 accedentium

214 2543 349 2616 exempla
372 2541 536 2601 clanssima
558 2543 691 2604 teruntur
713 2544 843 2602 Berosus
865 2551 894 2602 et
915 2543 1077 2600 Marathos.
1111 2541 1224 2609 Quibus
1240 2541 1369 2601 virorum

139 2659 148 2680 ·
215 2642 367 2702 doctorum
395 2642 501 2702 studiis
528 2643 641 2704 fabulas
673 2659 778 2704 omnes
805 2644 912 2719 quibus
943 2650 1076 2702 veterum
1104 2643 1269 2717 sapientum
1296 2643 1370 2702 vitas

214 2743 367 2804 bominum
400 2751 429 2803 et
455 2745 607 2805 admiratio
640 2755 670 2805 et
695 2746 804 2806 invidia
836 2753 989 2804 ornaverat
1023 2746 1138 2804 curiose
1171 2743 1371 2818 colligentium

214 2844 301 2904 etiarn
328 2844 432 2904 itinera
458 2845 507 2904 illa
534 2847 666 2906 iabuleso
694 2849 838 2907 debentur
865 2864 925 2906 uon
954 2847 1048 2906 solum
1072 2846 1229 2906 Democriti
1252 2847 1289 2904 de
1311 2861 1371 2920 quo

215 2944 306 3006 enrici
331 2947 484 3007 Strabonis
505 2948 583 3008 sicut
605 2951 642 3008 de
665 2948 819 3007 Aristotele
846 2949 997 3023 sequentia
1025 2963 1086 3006 non
1113 2949 1208 3022 ipsius
1231 2949 1288 3006 iam
1311 2948 1371 3006 ble-

215 3047 366 3119 gastbenis
385 3049 533 3108 adnotatio
550 3058 596 3109 est
613 3066 688 3123 quae
699 3051 805 3124 legitur
815 3051 833 3108 l.
846 3051 905 3108 XV.
919 3053 964 3109 ed.
977 3051 1100 3109 Krsmer
1110 3051 1155 3122 ill,
1167 3047 1232 3109 210
1242 3048 1293 3122 (oi.
1306 3047 1369 3106 Arc.

214 3147 277 3206 lnd.
294 3146 322 3208 6.
347 3148 429 3208 Diod.
446 3150 476 3223 2,
492 3148 563 3224 37),
598 3153 652 3210 sed
680 3153 859 3227 Pythagorae
886 3151 1072 3226 Empedoclis
1098 3151 1227 3209 Platonis
1255 3165 1271 3206 e
1299 3162 1370 3207 eon·
1408 3145 1412 3150 ’

215 3248 326 3308 iectura
352 3250 479 3324 primum
505 3261 570 3312 nata
599 3261 628 3312 et
656 3254 717 3313 sire
745 3254 921 3328 scriptorum
948 3255 1088 3312 laieorum
1114 3253 1194 3312 velut
1221 3249 1371 3309 Democri-

215 3357 331 3410 teorum
358 3352 474 3413 illorum
503 3355 672 3415 auctoritate
699 3356 761 3414 sive
787 3357 918 3414 locorum
946 3355 1022 3412 male
1050 3354 1263 3412 intellectorum
1286 3359 1319 3410 ut
1340 3351 1370 3409 in

216 3451 336 3514 Platone
358 3453 485 3514 maxime
507 3455 678 3531 intelligitur
700 3456 939 3531 interpretatione
961 3454 1140 3527 confirmata,
1163 3454 1270 3528 quibus
1286 3453 1372 3511 ltine·

217 3553 299 3614 ribus
327 3556 457 3627 omnium
486 3557 729 3632 philosophorum
756 3566 944 3618 externorum
967 3555 1171 3615 Alexandrinis
1197 3556 1371 3614 celebratam

216 3656 268 3727 (ui.
292 3657 348 3716 iarn
378 3657 490 3716 Pluton.
516 3659 650 3732 Epinom.
675 3658 737 3720 987
771 3669 801 3718 et
829 3658 954 3717 maxime
973 3657 1159 3715 lierodotum
1182 3657 1212 3729 2,
1235 3653 1292 3729 503
1314 3653 1372 3727 stc

194 3755 280 3818 ·123
295 3759 366 3831 etc.)
399 3759 573 3833 sapientiam
606 3760 815 3836 Aegyptiorum
844 3761 994 3833 Magorum
1028 3757 1299 3832 Chaldaeorumque
1327 3759 1399 3836 ln·‚
1482 3825 1491 3830 ,

218 3860 321 3918 dorum
346 3867 375 3918 et
396 3863 442 3919 vel
465 3861 602 3920 Getarum
624 3863 861 3937 ludaeorumque
876 3860 960 3935 quasi
976 3860 1132 3934 collegisse
1148 3877 1200 3920 eos
1215 3861 1373 3933 lingebant.

218 3959 277 4018 Nec
301 3960 372 4020 satis
395 3962 431 4020 ab
459 3962 505 4022 bis
529 3963 634 4023 fabulis
663 3965 771 4039 quibus
799 3971 951 4024 auctorum
979 3962 1082 4022 aetatis
1110 3962 1189 4021 illius
1212 3961 1375 4021 rhetoricae

218 4059 353 4120 indoctae
386 4063 416 4122 in
439 4067 646 4139 cognoscenda
678 4082 776 4125 rerunt
799 4073 901 4124 natura
924 4079 1017 4123 novae
1039 4063 1113 4122 ritas
1135 4062 1289 4136 ipsiusque
1311 4063 1377 4120 Pla·

218 4163 296 4222 tonis
319 4171 347 4222 et
369 4164 534 4224 Aristotelis
557 4167 837 4238 contaminaverant,
865 4173 966 4226 nostro
995 4164 1080 4224 etiam
1103 4173 1235 4238 ternpore
1258 4163 1286 4220 in
1311 4163 1375 4221 Ari·

219 4264 322 4323 stotele
355 4265 454 4339 Stahr,
489 4269 519 4326 in
546 4268 666 4328 Platone
700 4269 731 4328 C.
761 4269 789 4327 F.
819 4270 965 4327 Hermann
1000 4266 1186 4325 abstinuere..
1233 4265 1375 4324 Barbarae

220 4381 338 4441 quoque
361 4369 549 4443 magicasque
566 4371 792 4444 superstitiones
808 4373 864 4430 hoc
880 4370 946 4443 ipso
962 4368 1082 4442 antiquo
1099 4363 1376 4441 (ciuitatium)
1393 4439 1395 4445 .
