3072 5164
670 373 711 436 53

104 543 216 616 pilandi
251 554 369 616 operam
398 551 426 601 et
453 543 609 617 colligendi
643 545 815 618 prodentes,
853 547 928 604 sicut
961 560 1035 619 quae
1070 551 1138 602 sunt
1170 544 1264 604 variae

106 645 261 704 historiae:
290 630 414 706 dicem
438 645 487 703 llll
511 645 541 703 D.
557 647 589 704 L.
607 644 636 718 5,
651 646 694 706 26
717 649 785 721 (pro
810 665 868 722 quo
891 635 1053 707 διάτακτα
1068 646 1141 704 falso
1157 645 1264 720 legitur

105 764 151 818 ap.
168 745 239 818 An.)
263 745 281 803 i.
306 763 331 804 e.
355 745 527 828 συμμιγεῖς
549 738 693 831 ἱστορίαι
716 749 813 822 (Suid.
827 767 850 808 s.
862 750 1057 823 Euphorion),
1081 741 1261 830 ἐξηρτημένα

103 843 189 910 κατὰ
211 842 305 930 μένος
325 847 387 905 XIV
402 849 434 906 D.
451 849 482 905 L.
500 845 530 922 5,
546 849 587 909 26
615 841 834 932 (ἐξητασμένα
857 872 885 911 κ.
909 869 938 931 y.
961 851 1047 923 Am),
1083 851 1118 908 de
1153 849 1260 924 quibus

103 952 222 1011 duobus
243 951 319 1009 male
338 949 491 1023 disputant
502 951 706 1012 Schneidewin
719 953 860 1026 Philolog.
875 950 967 1012 1846.
981 949 1099 1024 l,p.10.
1118 953 1148 1010 C.
1158 951 1260 1010 Mllller

104 1056 137 1112 l'r.
153 1056 183 1134 b.
200 1071 242 1128 gr.
259 1054 282 1110 ll
296 1068 325 1125 p.
339 1048 411 1122 189,
440 1053 624 1126 septuaginta
653 1054 759 1113 deiude
787 1055 869 1114 libris
898 1044 1063 1132 σύμμικτα
1091 1042 1259 1135 ζητήματα

104 1147 190 1237 πρὸς
209 1140 376 1235 Εὕκαιρον
399 1153 504 1226 (David
520 1154 549 1212 iu
567 1155 625 1214 Cat.
643 1155 708 1214 24b
723 1153 744 1215 8
767 1156 816 1229 qni
839 1157 923 1214 locus
936 1156 1052 1214 Davidis
1064 1171 1100 1214 ex
1112 1153 1258 1228 prioribus

104 1254 313 1331 interpretibus
343 1269 397 1312 sua
425 1255 522 1314 omnia
553 1257 711 1330 repetentis
743 1258 851 1330 illaque
877 1273 936 1316 una
969 1257 1158 1315 memorantis
1190 1271 1257 1313 cum

105 1359 179 1416 libro
211 1377 249 1420 π.
276 1346 492 1434 σνμβιώσεὶος
525 1346 646 1440 ἀνδρὸς
677 1351 734 1418 καὶ
765 1351 919 1440 γυναικὸς
951 1360 987 1417 ab
1010 1359 1103 1417 Auen.
1139 1373 1258 1430 quoquc

103 1459 251 1532 adscripto
273 1473 325 1531 pro
349 1473 382 1516 ea
405 1458 465 1518 lere
492 1467 550 1518 stat
576 1460 720 1519 sententia
750 1467 780 1517 ut
806 1460 997 1533 appendicem
1019 1459 1164 1534 Anonymi
1188 1459 1206 1516 i.
1231 1473 1281 1518 c..

104 1559 241 1635 Hesyebii
274 1559 443 1618 intercisum
478 1561 507 1619 in
542 1562 693 1620 codicibus
723 1561 861 1635 Diogenis
896 1561 1042 1634 similique
1075 1563 1163 1620 modo
1198 1577 1256 1634 quo

103 1662 390 1735 Theophrasteorum
423 1662 599 1736 appendices
633 1665 669 1721 ab
703 1662 925 1736 ipsolliogene
959 1665 1014 1721 hoc
1047 1676 1165 1737 qrroqne
1191 1661 1256 1718 loco

103 1778 204 1821 revera
225 1761 357 1820 additum
379 1763 471 1822 fuisse
494 1766 683 1837 censeamus)
710 1764 772 1822 sive
794 1757 926 1835 πέπλος
947 1764 998 1837 qui
1021 1764 1155 1821 diversus
1179 1762 1257 1820 cius·
1330 1783 1335 1791 ’

103 1867 171 1922 dem
205 1863 302 1936 operis
330 1863 432 1922 titulus
460 1864 604 1938 significat
637 1856 785 1948 ἱστορίαν
812 1855 993 1942 σύμμικτον
1026 1866 1073 1936 (ut
1095 1863 1164 1920 dicit
1186 1853 1256 1930 A'u.)

104 1966 167 2024 sive
190 1964 318 2038 „variam
341 1972 370 2024 et
392 1965 551 2024 miscellam
576 1973 603 2024 et
626 1968 709 2040 quasi
732 1967 941 2025 confusaneam
969 1965 1145 2025 doctrinam'
1166 1961 1255 2035 (Geli.

104 2069 223 2141 prael),
246 2083 314 2125 eum
326 2067 472 2126 similibus
496 2065 543 2124 ille
566 2067 827 2127 Alexandrinorum
850 2067 932 2126 libris
955 2065 1086 2142 Dionysii
1110 2065 1257 2137 Stephano

104 2169 153 2242 (C.
170 2169 273 2227 Mllller
288 2169 321 2240 ll,
337 2164 372 2240 7)
400 2175 429 2225 ct
455 2167 579 2241 Rhegini
606 2165 913 2243 Polymnemone'dd.
930 2172 962 2242 ll,
979 2169 1020 2228 12
1035 2165 1111 2238 not.)
1140 2170 1218 2222 recte
1240 2179 1257 2220 a

105 2271 225 2328 Socrate
248 2269 330 2342 (hist.
355 2270 459 2328 eccles.
476 2267 505 2341 3,
522 2265 579 2341 23)
603 2280 800 2344 comparatus;
828 2271 858 2330 in
881 2287 939 2344 quo
963 2271 1037 2329 libro
1060 2269 1111 2342 (cl.
1136 2265 1257 2326 Schnei-

104 2371 201 2429 dewin
228 2371 397 2446 Philologus
417 2373 428 2428 l
448 2387 476 2444 p.
492 2367 607 2430 8-13.
633 2371 663 2430 C.
681 2373 784 2432 Mllller
799 2375 822 2430 ll
841 2390 869 2447 p.
887 2369 950 2432 188
962 2373 1022 2446 sq.)
1056 2376 1170 2444 praeter
1201 2366 1257 2424 alia

105 2472 197 2529 multa
224 2473 422 2532 disserebatur
448 2473 484 2531 de
512 2473 633 2530 deorum
660 2475 809 2534 amoribus
835 2482 865 2533 ct
892 2475 1013 2532 heroum
1035 2471 1256 2529 Homerioorum

104 2573 285 2648 genealogiis
321 2593 388 2634 cum
416 2575 534 2633 navium
561 2591 635 2648 quos
663 2577 808 2635 habebant
834 2591 956 2635 numero
985 2582 1014 2632 et
1040 2569 1256 2647 epigrammatis

104 2676 253 2748 (Euslath.
276 2679 312 2736 ad
335 2678 366 2735 ll.
391 2677 463 2755 dp:
481 2673 543 2738 285
566 2677 649 2734 Rom.
674 2678 708 2734 cl.
733 2679 769 2736 dc
791 2680 871 2750 Epeo
896 2678 961 2736 Sch.
986 2679 1016 2735 ll.
1038 2671 1066 2747 l,
1090 2671 1168 2745 688;
1195 2670 1257 2745 epi-

103 2776 204 2850 taphia
225 2777 294 2836 inde
306 2785 442 2851 excerpta
463 2778 643 2836 novissimus
665 2778 755 2838 edidit
771 2778 974 2837 Schneidewin
986 2779 1004 2834 l.
1022 2793 1045 2834 c.
1062 2794 1090 2850 p.
1103 2770 1255 2844 24-45),

105 2880 145 2937 de
166 2879 303 2938 ludorum
326 2881 501 2940 Graecorum
532 2882 694 2937 secundum
718 2880 859 2962 temporis
879 2879 1022 2937 rationem
1044 2877 1120 2934 serie
1142 2875 1255 2948 (Schol.

106 2979 225 3039 Aristid.
249 2982 295 3039 ed.
317 2981 462 3040 Frommel
485 2981 595 3040 Franci.
607 2997 632 3038 a.
644 2981 679 3038 M.
697 2979 779 3040 1826
795 3000 823 3055 p.
840 2979 901 3041 105
916 2981 985 3054 sq.).
1029 2979 1117 3036 Multa
1144 2977 1183 3035 ibi
1207 2993 1257 3033 ex-

106 3090 205 3156 cerpta
228 3091 256 3142 et
277 3083 401 3156 repetita
423 3084 515 3142 luisse
537 3099 572 3141 ex
595 3082 762 3156 politiamm
789 3099 878 3156 opere
901 3090 930 3142 et
952 3082 1017 3156 ipso
1041 3081 1163 3139 conhtsa
1186 3095 1257 3151 qua-

106 3188 175 3244 dam
199 3185 331 3244 doctrina
352 3186 459 3243 referto
488 3201 523 3242 ex
546 3185 582 3244 iis
604 3193 683 3259 patet
706 3201 781 3258 quae
804 3185 896 3242 Tzetz.
921 3184 957 3242 ad
979 3183 1047 3241 Hes.
1071 3177 1134 3256 p.7
1158 3180 1257 3250 Gaisl,

106 3288 146 3345 ad
167 3288 309 3362 Lycophr.
325 3284 389 3346 488
416 3303 453 3344 ex
478 3287 565 3360 peplo
593 3287 661 3345 citat
682 3288 712 3345 in
734 3287 844 3360 politiis
867 3300 985 3360 quoque
1007 3287 1081 3342 lecta
1104 3285 1152 3357 (ir.
1176 3281 1256 3354 polit.

108 3386 259 3449 115176
282 3391 360 3447 Milli.
389 3388 440 3448 ubi
463 3389 499 3447 dc
522 3405 630 3462 genere
654 3387 814 3448 Stesichori
841 3394 869 3444 et
896 3388 933 3444 de
954 3385 1108 3459 proverbio
1132 3383 1259 3456 quodam

108 3493 206 3550 labula
228 3492 396 3564 explicato).
441 3492 595 3549 Praeterea
617 3491 685 3550 citat
705 3491 872 3548 Athenaeus
894 3489 970 3545 inter
985 3487 1215 3558 Theophrastum
1231 3489 1260 3539 et

107 3594 294 3652 Aristotelem
317 3601 452 3651 auctores
475 3592 562 3650 dubia
584 3581 806 3674 ὑπομνήματα
822 3607 863 3648 sc.
880 3589 1017 3648 historica
1031 3587 1081 3658 (cl.
1095 3583 1260 3642 Aristoxeni

109 3704 140 3754 et
172 3695 295 3754 aliorum
329 3683 566 3776 ὑπομνήματα)
589 3697 624 3752 Vl
647 3711 705 3754 sec.
729 3694 761 3752 D.
778 3695 810 3751 L.
828 3689 856 3763 5,
873 3687 915 3750 48
942 3689 1018 3762 (XVI
1041 3703 1100 3745 sec.
1124 3688 1259 3744 bschem.

112 3799 156 3855 W.
173 3795 262 3872 156),
295 3797 345 3854 ubi
374 3798 410 3854 de
438 3797 587 3871 phasianis
609 3797 712 3855 Athen.
735 3794 785 3868 14,
802 3791 874 3864 654,
909 3792 945 3850 de
968 3790 1184 3864 Magnesiorum
1211 3788 1261 3861 qui

109 3902 149 3958 ad
175 3899 364 3957 Maeandrum
390 3899 585 3974 hospitalitate
613 3899 715 3956 Athen.
732 3898 762 3970 4,
779 3893 852 3965 173,
880 3910 939 3967 quo
968 3893 1087 3966 quidem
1112 3893 1178 3950 loco
1206 3890 1263 3946 lra-

108 4009 261 4078 gmentum
283 4000 450 4073 appositum
473 4008 501 4060 et
523 4001 558 4059 ab
582 3999 661 4058 ornni
677 4016 756 4058 nexu
771 3999 900 4057 solutum
916 3996 1039 4054 formam
1054 3992 1120 4051 libri
1136 3988 1264 4049 ostendit

108 4105 289 4163 collectanea
320 4103 500 4173 exhibentis,
532 4103 569 4160 dc
591 4101 695 4160 insulis
719 4099 828 4157 Aeoliis
857 4085 998 4179 (Θεόφρ.
1026 4089 1060 4156 ἓν
1087 4084 1265 4170 ἱστορικοῖς

108 4195 330 4286 ὑπομνήμασι
362 4198 875 4278 scn01.np011.nu0a.u‚834),
915 4201 951 4257 ue
985 4195 1131 4270 Euripidis
1164 4193 1264 4250 uenea

110 4307 248 4380 (Argum.
272 4309 340 4365 Eur.
364 4307 469 4380 bled),
498 4307 533 4364 cl.
558 4305 643 4364 etiam
667 4305 769 4363 Athen.
786 4304 816 4374 2,
833 4302 883 4360 44.
923 4301 958 4360 ,Ιο
987 4299 1069 4358 libris
1093 4291 1212 4378 χρειῶν
1239 4299 1268 4350 et

110 4406 238 4473 κοινῶν
266 4405 447 4492 διατριβῶν
479 4425 555 4482 qaros
582 4407 727 4467 Aristoteli
760 4407 783 4464 si
814 4412 923 4464 rec-tum
958 4409 1003 4460 cst
1034 4413 1140 4457 nomen
1170 4394 1270 4454 tribuit
