3072 5164
836 359 878 435 46

281 535 437 600 Ptolemaei
460 533 586 595 inuitem
608 540 742 592 recenset
765 541 824 590 une
851 538 918 590 eunt
940 528 1180 591 transtorrentem
1203 532 1338 590 11111111
1360 529 1437 588 indl-

280 640 355 699 untls
388 645 490 698 auetor
518 631 660 694 Ambitus
694 633 802 708 (Casiri
825 635 846 706 l,
861 629 981 706 304sq.
1010 633 1045 690 el.
1069 619 1434 705 wennanp.1oi-—3o.

281 735 352 801 itt.
369 737 506 814 tuom.)
555 736 631 794 Sunt
662 735 692 794 ni
723 734 813 794 iidem
839 735 881 793 illi
909 733 959 808 uui
993 746 1093 793 revera
1123 735 1160 792 oli
1188 733 1254 807 ipso
1281 729 1437 792 Aristotele

280 841 402 918 prolem·
425 846 494 900 eunt
515 836 582 896 libri
605 835 690 910 quasi
712 836 855 908 eanoniei,
879 849 955 909 quos
978 847 1050 894 sane
1073 834 1178 892 mirum
1194 838 1240 894 111
1255 851 1358 894 omnes
1374 834 1437 892 lere

280 939 512 1018 praetermittere
543 938 704 1010 Diogenem
734 969 775 980 --
807 953 874 996 nam
912 943 1117 1010 praeterquam
1148 937 1229 1009 quon
1266 953 1282 994 e
1314 936 1437 1012 physica

280 1041 440 1118 pragmatio
462 1038 525 1100 sola
547 1039 668 1098 historia
685 1037 859 1097 «animalium
883 1038 1105 1097 commemorari
1118 1038 1242 1110 videtur,
1266 1037 1438 1096 elibrorum

281 1143 413 1204 orrmeria
444 1140 482 1200 olo
510 1155 656 1214 anonymo
689 1147 800 1198 temere
832 1139 972 1198 eerreotis
1005 1139 1149 1213 suspirari
1183 1138 1289 1212 aliquis
1323 1147 1437 1214 posset,

281 1244 377 1311 etltiea
402 1251 523 1316 quoque
550 1247 579 1299 ot
605 1241 748 1316 analytica
773 1240 890 1314 politius
917 1239 1063 1298 rhetorica
1089 1239 1204 1314 poetica
1230 1252 1306 1314 qnae
1333 1245 1439 1300 reeen-

282 1352 387 1404 sentur
408 1342 542 1401 eiusdem
564 1342 662 1415 potius
685 1341 849 1416 argumenti
877 1339 967 1399 libros
990 1353 1057 1399 esse
1080 1342 1142 1400 siro
1164 1341 1306 1400 librorum
1333 1348 1439 1400 reeen-

282 1445 383 1504 slones
416 1457 506 1516 quem
537 1443 620 1516 ipsos
653 1445 703 1518 qui
737 1459 816 1501 nune
849 1441 991 1500 feruntur.
1037 1443 1134 1510 Quum
1161 1456 1231 1501 vero
1259 1457 1291 1502 se
1318 1445 1438 1518 plenam

282 1545 415 1607 omnium
437 1543 578 1602 librorum
600 1545 804 1604 recensionem
828 1541 965 1602 exhibere
991 1557 1131 1602 versuum
1157 1551 1280 1602 numero
1303 1553 1336 1604 ut
1357 1545 1440 1620 opud

281 1623 514 1722 rnaopnrastum
536 1645 733 1719 Speusippum
748 1645 941 1704 Xenocratem
962 1645 1060 1702 addito
1080 1645 1145 1718 ipsa
1160 1644 1306 1719 Diogenes
1321 1647 1438 1722 prodat,

283 1747 464 1809 sumendum*
484 1753 529 1804 est
551 1752 610 1818 ent,
635 1747 712 1818 quod
735 1761 773 1804 ex
794 1745 961 1804 Ptolemaeo
988 1744 1127 1804 eoniieios
1149 1749 1322 1819 praesentim
1345 1763 1439 1823 quum

283 1850 362 1908 idern
385 1845 539 1924 Chrysippi
563 1855 681 1921 qnoque
703 1846 790 1905 indiei
820 1847 848 1905 in
872 1845 978 1904 mediis
1001 1845 1105 1905 etnicis
1131 1847 1170 1905 ita
1193 1855 1226 1906 'ut
1246 1849 1438 1924 physieorunr'

283 1949 381 2010 omnis
402 1947 504 2010 notitia
526 1944 603 2008 desii
624 1949 748 2022 obrupto
771 1946 909 2006 acciderit
929 1954 959 2005 et
981 1947 1057 2006 sieut
1072 1949 1214 2023 septimus
1230 1950 1350 2022 quintus
1362 1952 1438 2010 aueo

282 2053 357 2112 liber
383 2049 522 2123 Diogenis
554 2049 635 2108 omni
668 2065 736 2107 eum
768 2051 911 2122 sequente
938 2055 1146 2108 nexu-carens
1173 2049 1204 2108 in
1230 2049 1289 2110 fine
1315 2050 1439 2110 mutilus

284 2153 424 2224 videatur,
441 2151 624 2210 librationum
637 2151 722 2223 eulpa
733 2157 801 2223 post
811 2141 890 2230 napi
902 2146 967 2208 τῶν
977 2141 1227 2234 Πυθαγορείων
1237 2139 1267 2210 α’
1290 2151 1438 2211 excidisse

282 2254 472 2330 persicorum
494 2251 673 2312 mentionem
696 2252 732 2308 ab
755 2265 901 2326 anonymo
924 2253 1042 2312 homine
1065 2252 1127 2310 seil.
1151 2253 1310 2327 Byzantina
1333 2269 1438 2313 reeen-

282 2355 414 2414 tissimae
436 2349 537 2412 aeteus
559 2361 627 2427 post
647 2353 736 2412 finem
751 2353 857 2412 indicis
873 2353 1046 2427 suppletam,
1070 2359 1119 2411 aut
1134 2354 1259 2413 seorsim
1275 2354 1440 2414 exhibitum

284 2453 377 2516 luisse
398 2462 467 2528 post
488 2455 627 2529 epistolas
651 2463 680 2514 et
701 2453 829 2514 earmina
850 2453 977 2514 indicem
991 2455 1132 2513 librorum
1149 2457 1345 2530 genuinorum
1361 2471 1438 2529 quos

227 2588 231 2595 ·
283 2559 347 2631 lpse
369 2555 540 2616 Aristoteles
563 2557 668 2616 eodem
690 2556 806 2616 consilii
830 2564 929 2616 tenore
951 2557 981 2614 in
1005 2557 1142 2616 extremis
1165 2559 1338 2633 plerumque
1354 2558 1438 2616 libris

282 2666 311 2718 et
333 2657 520 2718 eitotionilius
542 2658 641 2718 multis
665 2658 827 2734 significato
849 2659 1022 2718 coniunctos
1038 2673 1106 2718 esse
1119 2661 1221 2719 voluit.
1250 2659 1439 2719 lilaniiesturn

283 2761 363 2821 enim
384 2765 431 2818 esi
453 2759 489 2818 ati
512 2761 665 2820 confusam
687 2761 765 2820 illem
789 2761 964 2834 scriptorum
994 2761 1027 2818 in
1047 2763 1152 2820 eodem
1179 2769 1356 2836 argomento
1371 2777 1439 2820 ver·

283 2862 422 2933 sentium·
445 2862 765 2936 hypomnematieorum
787 2863 961 2936 plerumque
983 2869 1070 2936 etque
1086 2862 1188 2922 oruine
1203 2860 1282 2921 omni
1298 2871 1438 2937 nexuque

283 2962 515 3034 cohaerentium,
542 2976 669 3036 qnorum
695 2963 725 3021 in
752 2963 835 3022 libris
864 2965 900 3022 de
922 2963 1087 3022 Aristotelis
1114 2959 1300 3039 philosophia
1322 2965 1439 3022 Andro-

283 3065 368 3124 nicus
390 3052 570 3145 ἐλεὺθερος
593 3054 675 3146 ἀνήρ
694 3065 810 3138 (Galen.
828 3064 871 3136 lV,·
884 3061 963 3137 782)
986 3073 1136 3124 accuratos
1159 3067 1303 3124 relereba't
1323 3065 1439 3124 indiees

281 3181 422 3226 versuum
444 3178 599 3224 nnmerum
621 3166 651 3223 in
675 3164 800 3238 singulis
822 3165 873 3238 (ei.
898 3165 1437 3239 111..1111111111111111114,13.

282 3263 497 3330 1111111111.
521 3265 771 3327 3111101121.
804 3265 918 3324 Adrost.
942 3283 988 3340 ap.
1013 3267 1114 3341 Simpl.
1139 3260 1205 3328 Seli.
1223 3265 1274 3342 39,
1288 3265 1348 3340 39)
1381 3281 1439 3326 no·

281 3378 386 3444 eosque
414 3367 451 3426 de
477 3367 617 3426 librorum
645 3369 817 3427 auctoritate
850 3367 964 3427 eritie'os
992 3363 1119 3443 addens,
1153 3373 1190 3429 od
1216 3371 1321 3429 horum
1347 3368 1440 3442 igitur

282 3473 390 3530 molem
412 3467 644 3544 pertinerenon
659 3468 805 3544 >potuisse
834 3469 954 3530 editoris
977 3484 1096 3544 operam
1118 3471 1169 3544 qni
1190 3466 1232 3532 eni
1248 3461 1440 3554 Ἀριστατέ·

284 3568 363 3645 love
395 3565 452 3634 nori
487 3559 706 3654 Θεοφράστου
740 3561 788 3646 εἷς
819 3563 1049 3653 πραγματείας
1082 3567 1186 3651 διεῖλε
1219 3568 1279 3648 eois
1311 3565 1440 3646 alteiae

281 3663 469 3745 ὑποθέσεις
501 3663 549 3744 εἷς
580 3663 682 3734 ταύτὸ
717 3663 909 3754 συναγαγών
942 3670 1097 3747 (Porphyr.
1128 3675 1177 3732 vit.
1207 3675 1311 3734 Plotln.
1340 3689 1369 3748 p.
1394 3673 1438 3734 17

283 3786 307 3834 e.
324 3775 418 3846 Das),
447 3773 523 3835 sient
545 3781 611 3833 ante
638 3775 746 3834 lecerat
767 3775 798 3834 in
819 3773 1018 3848 Epicharmeis
1038 3770 1244 3848 Apollodorum
1268 3776 1335 3835 leeit
1353 3785 1440 3850 post-

284 3877 404 3934 modum
435 3873 467 3934 in
493 3874 599 3934 Plotini
631 3879 798 3936 enneadum
830 3875 958 3934 editione
988 3876 1175 3951 Porphyrius.
1226 3877 1307 3946 Quae
1339 3879 1438 3951 quelle

282 3989 373 4051 opera
387 3975 473 4035 luerit
487 3967 649 4060 ostendier}
667 3971 782 4062 λογικῆ
799 3967 1010 4058 πραγματεία
1027 3977 1123 4050 (Alex.
1134 3978 1164 4036 in
1176 3978 1229 4037 rin.
1238 3991 1281 4053 pr.
1295 3976 1439 4054 14119)

282 4091 370 4153 quam
391 4091 452 4138 non·
476 4079 601 4140 dohitmi
622 4089 720 4155 potest
742 4081 910 4156 (utsupra)
935 4079 1006 4153 quin
1029 4087 1065 4137 11
1088 4078 1125 4138 iis
1144 4080 1194 4153 qni
1208 4095 1285 4138 nune
1296 4081 1439 4154 leguntur

282 4181 364 4242 libris
392 4179 461 4238 lieet
487 4181 524 4241 tle
552 4183 729 4256 quibusdem
752 4181 925 4242 dubitaverit
950 4181 1007 4238 iam
1030 4180 1229 4254 Autronium,
1257 4181 1307 4256 qui
1329 4181 1436 4256 logieis

282 4295 400 4342 ornnem
422 4282 581 4344 editionem
604 4286 781 4357 ordiebatur,
804 4283 1002 4357 composuerit
1013 4283 1063 4356 (ei.
1077 4281 1149 4342 Ptol
1163 4296 1208 4356 ep.
1222 4282 1358 4342 Wenrieli
1370 4281 1436 4342 tte

284 4385 334 4458 qui
357 4403 393 4446 π.
417 4373 488 4466 ἔρμ.
511 4385 617 4446 librum
640 4387 807 4448 dieleetieae
830 4385 993 4444 seeundum
1016 4399 1083 4442 esse
1099 4385 1247 4456 adnotat);
1271 4383 1349 4442 idem
1364 4399 1437 4442 vero
