3072 5164
802 357 844 418 20

243 537 271 590 et
293 531 419 603 obrupta
439 529 606 602 disputatio,
631 531 662 585 ul
684 526 761 585 belle
783 526 965 600 virtutesque
989 527 1048 586 sint
1069 543 1123 600 pro
1139 541 1239 584 amere
1254 532 1284 584 et
1298 526 1401 584 dolore

191 615 195 624 ¹
244 633 407 706 ceterisque
430 631 538 704 quibus
561 629 745 688 delicatiores
768 628 856 686 animi
880 636 1102 687 commoventur
1118 643 1252 702 quaeque
1268 629 1401 688 studiose

245 735 348 794 sectari
371 751 439 793 vera
463 734 538 790 solet
560 731 645 814 epicu
663 730 764 804 poesis
787 737 847 788 arte
869 731 942 788 sacto
959 746 1117 804 moresque
1133 730 1220 788 simul
1236 745 1304 788 eum
1319 729 1402 790 lactis

245 845 274 894 et
295 837 412 911 ingenia
436 833 575 892 imitando
599 842 627 890 ct
650 833 728 906 quod
741 832 810 890 inde
826 832 959 904 sequitur
974 832 1095 906 lyricum
1111 833 1259 906 quendam
1274 833 1404 892 colorem

245 939 449 1012 adspergendo
472 951 591 994 omnem
612 935 767 992 universae
789 935 904 992 subulae
927 934 954 992 in
976 949 1075 992 rerum
1091 933 1284 1006 singularium
1299 941 1404 994 centus

245 1038 391 1097 dissectae
425 1037 566 1096 ambitum
600 1036 697 1095 dedita
730 1035 893 1108 scientique
926 1052 1014 1108 opera
1043 1035 1224 1094 describens.
1269 1036 1305 1096 itt
1331 1036 1403 1094 haee

247 1139 366 1212 quidem
400 1141 429 1198 iu
463 1140 639 1197 immensam
672 1138 735 1211 ipse
765 1139 819 1196 lmc
853 1144 913 1196 arte
948 1139 1169 1212 amplitudinem
1199 1146 1227 1196 ct
1253 1136 1278 1194 si
1306 1143 1404 1197 vetera

247 1242 412 1315 respexeris
435 1239 639 1314 loquacitatem
662 1240 768 1298 diffuse
795 1240 901 1314 lyricae
927 1241 988 1298 fere
1015 1239 1098 1312 poesi
1127 1239 1301 1313 cultioriqne
1327 1236 1403 1298 vitae

246 1343 527 1417 rationi-primoque
550 1343 709 1400 litterarum
732 1342 797 1400 flori
820 1348 865 1401 est
887 1350 1043 1400 coaetanea
1057 1342 1215 1400 accedente
1229 1355 1299 1398 mox
1316 1339 1402 1398 etiem

248 1446 390 1518 epopociu
412 1444 555 1518 dialogico
576 1445 594 1502 i.
617 1460 644 1502 e.
668 1460 776 1518 genere
798 1442 965 1513 dramatico,
989 1443 1069 1516 quod
1091 1445 1171 1502 velut
1186 1443 1262 1516 apud
1276 1443 1404 1500 Graccus

249 1549 396 1620 ludosque
419 1546 602 1604 heroicorum
625 1546 785 1604 carminum
808 1543 987 1618 argumentis
1010 1544 1119 1604 nititur.
1164 1544 1243 1602 Talia
1258 1558 1404 1602 rerocar

250 1649 329 1706 mina
351 1649 533 1720 scribuntur,
561 1663 620 1706 non
643 1648 700 1706 iam
724 1664 774 1706 ore
796 1648 963 1715 traduntur,
991 1653 1020 1704 et
1043 1647 1210 1706 scribuntur
1232 1645 1350 1718 quidem
1372 1643 1404 1702 in

249 1757 381 1822 tempore
403 1749 516 1809 cultiori
540 1750 576 1807 ult
599 1749 664 1822 ipse
687 1763 722 1806 eo
739 1749 819 1822 qnod
836 1747 1007 1806 deseribtmt
1021 1749 1110 1823 longo
1125 1749 1276 1810 intervallo
1292 1753 1406 1806 remota

249 1867 304 1909 nee
330 1843 437 1910 temen'
461 1867 553 1924 quum
587 1851 700 1909 fabulas
728 1859 843 1910 ueteres
868 1857 1012 1922 notasque
1039 1859 1200 1923 sequantur
1226 1849 1265 1908 ita
1291 1856 1323 1906 ut
1349 1862 1406 1904 nec

249 1955 352 2012 herum
375 1953 586 2026 discrepantiae
609 1952 729 2010 omnino
751 1952 891 2010 tollantur
912 1949 1069 2024 ipsumque
1094 1959 1298 2026 argumentum
1318 1957 1404 2008 vetus

250 2054 390 2127 impediat
410 2070 463 2126 pro
487 2055 574 2112 huius
600 2053 808 2113 intercedentis
831 2052 972 2125 temporis
999 2053 1181 2127 longitudine
1207 2053 1292 2112 novis
1314 2051 1404 2108 relius

249 2163 363 2229 practer
387 2155 481 2229 ipsam
508 2155 643 2214 narrandi
670 2163 761 2214 artem
789 2163 818 2214 et
839 2156 980 2213 nonnulla
1008 2171 1082 2228 quae
1105 2153 1198 2228 magis
1221 2152 1404 2212 extrinsecus

249 2259 391 2316 accedunt
412 2257 619 2316 contaminata:
644 2273 703 2330 quo
719 2255 751 2315 fit
773 2264 805 2315 ut
820 2256 939 2314 maioris
951 2255 1130 2331 antiquitatis
1140 2256 1238 2330 specie
1248 2253 1402 2326 decipiant.

249 2359 335 2428 Quod
361 2374 431 2418 vero
459 2358 577 2416 iliadem
606 2366 634 2417 et
656 2358 819 2432 odysseam
846 2358 991 2418 ubenime
1020 2358 1147 2417 camnine
1175 2359 1211 2416 ab
1235 2372 1294 2416 uno
1316 2362 1402 2428 poete

249 2461 314 2520 sine
337 2461 440 2521 litteris
463 2460 633 2534 composita,
656 2475 759 2518 rursus
782 2459 888 2518 deinde
911 2468 1030 2535 propter
1051 2460 1149 2534 ipsum
1170 2461 1312 2518 ambitum
1334 2471 1403 2516 oau-

132 2587 135 2593 ·
248 2563 337 2621 tando
360 2563 486 2622 dissecta
513 2570 542 2621 et
563 2562 657 2620 lee'era
685 2561 782 2620 denuo
809 2562 839 2620 in
862 2563 1017 2636 pristinum
1045 2571 1177 2622 tenorem
1203 2560 1296 2620 luisse
1317 2559 1401 2634 quasi

248 2671 371 2723 consuta
393 2664 494 2723 dicunt
514 2695 555 2706 —
577 2677 653 2736 quae
668 2661 787 2734 quidem
803 2665 956 2722 nunciare
972 2665 1138 2723 dominatur
1153 2663 1252 2737 opinio
1275 2661 1401 2734 (Ritsclrl

248 2767 328 2825 Alex.
347 2766 421 2826 etot.
438 2763 488 2827 to.
513 2766 548 2824 ct.
564 2763 673 2822 rectius
690 2765 726 2822 de
742 2764 848 2824 ludicis
861 2767 971 2824 Lessen
989 2768 1050 2826 lnd.
1063 2768 1118 2826 Alt.
1132 2768 1151 2837 l,
1164 2761 1228 2824 482
1240 2781 1305 2838 sqq.
1321 2761 1399 2836 491)

242 2897 288 2912 ·-
310 2871 382 2928 haec
403 2876 462 2927 trun
484 2866 654 2924 mirabiliter
675 2866 835 2940 excogitate
857 2868 1002 2927 sententia
1023 2877 1068 2928 est
1091 2876 1121 2926 ut
1143 2883 1208 2926 eam
1240 2866 1313 2924 nihil
1340 2869 1400 2924 lere

246 2972 304 3030 nisi
320 2969 528 3042 odrontrlogiue
544 2967 735 3026 Alexandriae
750 2977 896 3042 receptam
911 2955 985 3028 tueri
1001 2969 1200 3030 auctoritatem
1213 2967 1398 3042 intelligatur.

247 3073 396 3132 Cantando
420 3071 498 3130 eninr
521 3086 695 3144 magnorum
715 3078 868 3143 poetarum
890 3073 1019 3131 carmine
1040 3071 1123 3145 apice
1144 3071 1204 3130 lere
1226 3071 1334 3134 intacta
1347 3087 1400 3144 per

246 3175 346 3234 secula
380 3179 497 3231 servant
523 3170 543 3228 ii
569 3179 681 3230 tantum
711 3172 760 3246 qui
788 3189 824 3230 ex
850 3173 966 3248 seriptis
995 3181 1121 3247 possunt
1147 3173 1260 3232 discere
1287 3187 1399 3233 mento·

245 3278 377 3349 riamque
392 3274 537 3348 corrigere
552 3275 631 3332 velut
645 3274 707 3333 ltali
723 3274 880 3332 Ariusium.
917 3277 1137 3336 Homerieorum
1152 3291 1221 3334 vero
1237 3275 1398 3334 carminum

244 3378 385 3437 ambitum
408 3385 440 3436 ut
462 3392 522 3435 non
545 3389 663 3434 servare
685 3375 824 3450 rhapsodi
845 3376 884 3434 ita
907 3393 966 3436 non
991 3393 1167 3451 componere
1189 3385 1293 3451 poetae
1315 3387 1398 3451 pote-

243 3488 308 3540 rant
326 3478 382 3538 nisi
406 3477 509 3538 litteris
532 3477 734 3550 perscriptum.
778 3478 839 3536 lloc
861 3487 958 3538 autem
982 3479 1042 3538 lieri
1066 3480 1141 3538 solet
1156 3479 1397 3540 florentibusiam

243 3583 360 3642 litteris:
382 3582 422 3641 ita
444 3580 681 3640 Mohabheratum
711 3580 773 3639 sive
796 3579 860 3639 eius
887 3589 999 3655 partem
1022 3581 1133 3654 epicam
1156 3589 1185 3640 ct
1207 3582 1396 3656 Ramajmum

241 3684 271 3744 in
295 3684 358 3757 ipsa
381 3683 540 3742 litterarum
562 3689 630 3757 pust
653 3682 801 3741 Gnosium
823 3691 924 3740 natum
947 3684 1018 3742 llore
1034 3684 1086 3757 (el.
1102 3683 1279 3742 Weberlnd.
1292 3683 1346 3742 tit
1361 3683 1395 3742 G.

241 3783 304 3846 tro
318 3786 399 3859 sqq.)
421 3785 548 3857 primum
571 3785 676 3858 scripta
699 3791 768 3842 suut
791 3783 944 3843 cultissimi
966 3784 1106 3859 temporis
1128 3784 1279 3858 ingenium
1295 3794 1397 3846 osteu-

240 3887 339 3946 dentic
360 3887 475 3960 ipsique
499 3887 672 3945 dramaticae
699 3885 782 3958 poesi
805 3886 955 3960 propiorem
985 3887 1062 3945 idem
1085 3889 1170 3946 docet
1191 3889 1282 3962 quitto
1305 3888 1395 3948 medii

237 3989 301 4047 aevi
336 3989 431 4047 omnis
464 3971 564 4062 poesis
598 3997 659 4046 tum
693 4003 810 4046 carmen
844 3997 977 4047 nostrum
1005 3990 1041 4047 de
1068 3987 1297 4062 Nibelungomm
1324 3990 1393 4048 lato.

237 4090 323 4149 Aliud
357 4090 435 4149 enirn
470 4097 515 4148 est
542 4090 670 4149 carmina
701 4090 853 4163 popularia
887 4105 989 4163 sparsa
1011 4090 1148 4174 colligere
1171 4098 1199 4150 et
1227 4091 1256 4148 in
1284 4090 1393 4148 librum

234 4193 367 4267 redigere
391 4193 470 4267 quod
492 4193 583 4251 voluit
607 4193 729 4252 Karolus
757 4209 881 4267 magnus
909 4192 1088 4266 perfecitque
1116 4192 1279 4252 carminum
1300 4191 1394 4252 lslun·

119 4315 123 4322 ·
233 4294 365 4353 dirorum
388 4295 527 4355 collector
552 4301 582 4352 et
609 4297 685 4368 apud
707 4296 795 4354 lndos
818 4294 992 4354 Vedicorum
1021 4293 1112 4367 (sicut
1134 4301 1236 4354 nostru
1259 4303 1393 4368 tempore

232 4397 363 4457 Ldnnrot
384 4397 413 4454 in
437 4395 575 4469 Flumen,
599 4413 724 4470 quorum
747 4396 868 4458 minime
892 4396 973 4470 epica
997 4406 1042 4456 est
1064 4396 1179 4456 fabulae
1201 4395 1313 4468 unitus,
1337 4397 1391 4456 sed
