3036 5164
686 333 729 398 87

130 503 326 578 Theophrasti
348 504 379 562 iu
401 504 484 563 libris
501 504 678 578 quibusdam
695 523 770 580 quos
786 515 924 568 recenset
940 511 1027 570 index
1039 509 1189 586 Diogenis,
1211 510 1290 570 velut

128 593 243 681 νόμων
263 595 406 688 ἐπιτομὴ
429 601 477 679 (5,
488 603 557 677 44),
580 602 731 688 φυσικῶν
758 599 906 693 eutropii
922 609 968 686 (5,
980 609 1117 673 46:48
1131 609 1231 688 operis
1246 627 1287 670 sc.

128 701 303 788 historiens
318 723 407 780 quem
430 705 549 782 quidam
564 707 798 782 Theophrastum
814 711 863 786 qui
887 720 919 794 et!
930 714 1095 774 Platonicae
1109 712 1288 789 reipublicae

131 808 285 884 epitomen
308 809 428 884 scripsit
440 809 489 882 (ll.
502 809 534 867 L.
552 805 581 880 5,
594 807 651 882 it)
675 809 872 871 abbreviando
884 824 1104 890 praeceptorem
1115 815 1287 889 explicasse,

127 925 191 970 non
218 925 252 970 se
280 910 377 984 ipsum
399 927 452 986 par
473 917 525 968 est.
576 909 708 968 citantur
730 929 776 988 ap.
802 913 962 989 Diogenem
986 914 1015 989 5,
1029 916 1070 976 49
1093 916 1286 992 Theophrasti

129 1004 294 1090 ἐπιτομαὶ
304 999 558 1098 Ἀριστοτέλους
579 1003 658 1092 περὶ
672 1001 776 1087 ζώων,
799 1024 828 1074 et
851 1031 922 1076 sane
933 1026 1001 1092 post
1017 1018 1163 1078 uberrima
1174 1018 1286 1078 Aristo·

125 1115 195 1174 telis
212 1115 249 1174 de
264 1115 439 1174 animalibus
461 1129 550 1189 opera
573 1131 608 1174 aa
624 1129 700 1188 quae
724 1109 803 1199 περὶ
825 1107 919 1193 ζώων
934 1119 1052 1194 scripsit
1066 1119 1284 1194 Theophrastus

127 1217 184 1290 (ci.
208 1215 277 1276 hist.
299 1217 389 1290 plant.
414 1213 444 1290 5,
460 1215 489 1290 6,
505 1213 562 1290 13)
585 1223 703 1290 praeter
724 1224 838 1291 septem
861 1218 927 1278 illos
949 1228 1088 1280 tractatus
1110 1219 1284 1296 singulares,

125 1334 144 1378 e
168 1319 299 1394 magistri
325 1318 407 1378 libris
435 1319 552 1378 bravius
576 1317 698 1391 repetita
719 1317 868 1393 videntur,
897 1322 1070 1395 praesertim
1092 1339 1183 1396 quum
1206 1324 1284 1382 idem

127 1427 246 1480 constet
258 1421 305 1480 nie
331 1419 463 1495 Physicis
484 1421 549 1480 eius
570 1421 621 1493 (ci.
638 1419 777 1479 Themist.
799 1423 836 1480 de
851 1439 898 1481 an.
914 1423 962 1483 lat.
979 1425 1048 1484 Ven.
1066 1421 1150 1484 1512
1165 1441 1193 1500 p.
1206 1423 1284 1499 227)

126 1537 256 1597 qnorum
277 1521 390 1595 primos
412 1521 487 1580 liber
509 1529 538 1581 et
559 1522 708 1580 secundus
725 1530 786 1580 erat
809 1523 845 1582 de
860 1530 943 1582 motu
957 1555 999 1565 -
1014 1525 1189 1586 undecimus
1206 1527 1285 1586 enim

127 1631 161 1682 et
183 1623 440 1697 quartusdecimus
461 1623 512 1697 qui
534 1626 612 1698 apud
636 1623 818 1698 Simplicium
840 1625 964 1684 citantur
985 1623 1169 1688 librariorum
1191 1629 1284 1688 errori

125 1741 182 1802 pro
193 1714 226 1788 α’
238 1726 312 1786 ialso
328 1713 374 1786 ια’
390 1731 440 1784 aut
452 1713 495 1785 ιδ’
504 1725 663 1800 legentium
677 1725 777 1786 deberi
793 1725 938 1800 videntur,
954 1724 1031 1787 sieut
1045 1729 1132 1789 simili
1149 1731 1283 1804 exemplo

129 1828 230 1888 Schol.
243 1827 274 1885 ll.
287 1845 324 1898 π,
336 1824 399 1887 407
411 1825 499 1886 Bell.
523 1828 629 1902 legitur
650 1817 685 1889 ἐν
705 1823 752 1910 τῷ
764 1815 815 1888 23‘
837 1821 916 1910 περὶ
938 1818 1031 1904 ζώων
1052 1845 1105 1905 pro
1128 1824 1162 1892 ἐν
1182 1827 1228 1916 τῷ
1247 1821 1284 1894 θ’

129 1932 187 2003 (=
199 1929 264 1990 hist.
288 1944 335 1987 an.
352 1927 382 2002 a,
397 1925 466 2002 37),
489 1927 559 1986 item
582 1927 678 1990 Schol.
700 1929 821 1988 Nicaud.
842 1925 979 1990 Alex.13
995 1927 1144 2004 panas
1164 1933 1283 1994 lllthner

126 2023 166 2094 ἐν
187 2025 233 2112 τῷ
254 2017 537 2111 ἐννεακαιδεκάτῳ
552 2019 635 2105 (ιθ)
658 2022 738 2113 περὶ
749 2020 843 2106 ζώων
855 2031 909 2104 (·-
922 2031 952 2105 9,
966 2030 994 2092 6.
1012 2049 1040 2108 p.
1055 2031 1142 2108 612),
1165 2035 1201 2093 ci.
1215 2033 1281 2094 Sch.

125 2133 189 2194 Nic.
220 2131 301 2192 Alex.
322 2131 362 2192 aa
395 2133 445 2192 ubi
476 2149 567 2206 quum
600 2131 630 2191 in
658 2131 762 2192 Aldina
794 2132 899 2192 citetur
929 2134 1148 2208 Theophrastus
1173 2128 1209 2198 ἐν
1238 2133 1284 2218 τῷ

121 2221 472 2318 τεσσαρεσκαιδεκάτῳ
494 2228 572 2315 περὶ
597 2231 710 2316 φυτῶν
730 2235 785 2308 (=
803 2234 872 2294 hist
888 2236 928 2309 pl.
944 2235 975 2308 4,
991 2234 1021 2308 2,
1033 2232 1069 2308 5)
1103 2253 1182 2297 nunc
1204 2245 1283 2302 recte

125 2355 165 2399 ex
193 2337 298 2404 ,mulce
331 2337 459 2412 quodam
489 2327 524 2397 ἐν
548 2333 594 2418 τῷ
622 2325 768 2420 τετάρτῳ
793 2317 920 2396 restitnit
953 2336 1072 2396 llhhner
1098 2339 1155 2412 (ai.
1184 2348 1282 2399 annot
1372 2405 1375 2410 ,

125 2459 157 2516 p.
170 2437 260 2512 412).
284 2437 467 2514 Simplicium
489 2453 558 2498 vero
580 2439 611 2498 in
623 2439 711 2516 Phys.
735 2438 809 2500 194
831 2447 898 2514 post
919 2438 1282 2512 Theophmstumcitatum

125 2533 164 2606 ἐν
192 2531 224 2620 β’
250 2537 315 2604 τῶν
341 2533 421 2621 περὶ
445 2528 606 2622 κινήσεως
635 2541 698 2614 (sc.
727 2537 895 2624 φυσικῶν)
925 2540 1063 2599 citantem
1094 2542 1221 2601 eundem
1248 2536 1283 2604 a

124 2641 173 2728 τῷ
193 2633 302 2729 τρίτῳ,
326 2641 516 2719 physicorum
538 2642 666 2716 tertium,
689 2657 749 2701 non
771 2643 888 2702 tertium
901 2644 937 2702 dc
952 2649 1033 2702 motu
1049 2643 1180 2703 voluisse
1196 2643 1284 2704 credo

125 2779 170 2790 -
191 2746 296 2806 tertius
324 2746 360 2804 de
387 2745 486 2816 coelo,
514 2743 545 2802 in
572 2757 631 2817 quo
658 2743 747 2802 simul
774 2744 1023 2818 degeneratione
1046 2744 1284 2818 etcorruptione

126 2842 223 2934 (aaut
246 2844 313 2910 τῶν
337 2837 373 2910 ἐν
398 2839 526 2928 γενέσει
552 2837 609 2906 καὶ
628 2841 694 2908 τῶν
713 2833 877 2907 τοιούτων
899 2835 1021 2928 ἀρχῶν)
1048 2860 1108 2904 seo.
1131 2843 1213 2904 Alex.
1236 2863 1284 2920 ap.

127 2952 231 3026 Simpl.
254 2951 292 3010 de
314 2950 397 3010 coelo
419 2965 562 3024 prooem,
586 2947 653 3008 Sch.
666 2943 740 3020 468,
753 2945 804 3020 11,
828 2955 989 3022 qoanoset
1004 2946 1173 3021 quintusde
1188 2948 1285 3008 anima
1404 2961 1408 2968 ·

127 3054 294 3114 secundum
317 3051 499 3128 Simplicium
521 3049 661 3124 (Brendis
685 3049 713 3108 in
730 3049 804 3108 llius.
820 3051 911 3110 Rhen.
928 3055 984 3108 vet.
1001 3050 1022 3121 1,
1037 3047 1067 3106 4.
1084 3066 1112 3123 p.
1125 3046 1189 3109 282
1201 3052 1283 3126 sqq.)
1398 3051 1407 3062 “

128 3156 215 3216 cuius
244 3153 446 3214 testimouium
472 3153 637 3212 luculenter
664 3151 817 3211 confirmat
837 3151 980 3210 Prisciani
1002 3150 1076 3226 Lydi
1098 3152 1229 3225 aequalis
1251 3153 1281 3211 in

128 3255 322 3331 'Theophrasti
351 3255 475 3332 Physica
501 3255 722 3328 metaphraseos
749 3253 890 3328 particula
916 3269 996 3313 nune
1019 3269 1138 3328 quoquc
1159 3261 1283 3328 servata,

128 3362 159 3420 in
182 3375 242 3434 qua
265 3373 340 3432 quaa
367 3358 404 3416 de
431 3372 523 3416 sensu
549 3355 757 3430 imaginatione
782 3363 812 3414 et
834 3362 932 3414 mente
954 3355 984 3414 in
1008 3353 1110 3430 quinto
1133 3353 1208 3413 lihro
1230 3371 1284 3428 po-

128 3467 229 3521 suerat
239 3459 458 3535 Theophrastus
471 3447 687 3530 (ἀκολούθως
696 3453 742 3540 τῷ
757 3445 984 3539 Ἀριστοτέλει
996 3474 1024 3530 p.
1038 3454 1282 3530 2881119116-

129 3562 206 3622 cavit
228 3562 321 3635 (edita
342 3568 389 3620 est
410 3575 478 3619 eum
500 3559 693 3634 Theophrasti
705 3558 778 3633 Opp.
791 3573 845 3633 per
855 3557 973 3617 Hieron.
986 3559 1184 3617 Gemusaeum
1196 3557 1283 3616 Basil.

130 3661 214 3726 1541
237 3681 266 3737 p.
283 3660 442 3734 273-91‚
475 3662 525 3721 uhi
548 3662 578 3720 in
601 3663 742 3736 metaphr.
777 3662 814 3720 de
836 3659 999 3719 sensuiin.
1023 3655 1208 3734 passiam
1227 3667 1284 3720 tra-

131 3774 278 3829 ctaturum
300 3782 333 3826 sa
354 3779 424 3822 csse
446 3764 588 3838 promittit
608 3756 650 3825 coi
667 3755 773 3825 λοιπὰ
788 3757 848 3823 τοῦ
865 3754 1021 3838 πέμπτου
1035 3751 1179 3842 βιβλίον.
1207 3763 1285 3823 eius·
1400 3795 1402 3800 ,

133 3871 201 3928 dem
222 3874 322 3928 autern
343 3864 484 3924 Prisciani
506 3865 682 3926 Aristotelici
704 3865 801 3925 medio
824 3880 896 3923 aevo
919 3865 957 3922 rie
979 3865 1090 3923 Graeco
1106 3863 1136 3922 in
1151 3866 1286 3924 Latinum

134 3985 296 4030 conversus
318 3968 471 4042 legebatur
492 3967 588 4038 „liber
610 3970 647 4027 de
670 3966 893 4043 quaestionibus
909 3966 1090 4025 naturalibus
1105 3967 1142 4023 ad
1158 3964 1288 4025 cosdroe

135 4088 235 4146 regom
261 4072 418 4130 Persarum
445 4070 588 4130 directus'’
616 4085 674 4128 sec.
703 4069 783 4130 Vino.
811 4069 883 4128 Bell.
911 4069 997 4142 Spec.
1026 4067 1093 4126 hist.
1121 4064 1172 4138 21,
1190 4064 1232 4127 50
1259 4074 1287 4126 et

138 4175 275 4235 Walther.
300 4171 378 4232 Buri.
403 4186 428 4230 c.
442 4169 514 4243 118,
538 4187 574 4230 ex
597 4188 656 4244 qao
672 4174 761 4232 multa
777 4171 886 4246 passim
903 4169 1049 4243 excerpsit
1064 4167 1143 4225 Vino.
1158 4167 1188 4226 in
1205 4171 1289 4242 Spea

139 4284 232 4336 naarr.
256 4276 292 4334 ci.
316 4274 347 4346 1,
363 4271 414 4332 23.
442 4271 492 4334 36.
516 4273 567 4331 42.
594 4271 645 4333 17.
670 4269 700 4344 5,
712 4272 741 4333 9.
769 4273 820 4332 21.
845 4269 896 4345 15,
909 4273 938 4331 i.
962 4270 1080 4345 26,10.
1110 4267 1160 4328 tt.
1178 4263 1228 4342 23,
1246 4267 1288 4330 68

141 4378 188 4436 uhi
212 4394 265 4452 pro
288 4375 402 4436 animae
425 4375 641 4436 immortalitate
663 4376 844 4436 aPrisciano
867 4374 1184 4442 citaturPtolemaeus,
1208 4372 1290 4431 deni-
