3072 5164
801 371 843 432 22

247 541 272 601 si
293 547 448 602 sumentur
469 541 633 602 seeundum
655 541 864 602 lelandieorum
886 539 1053 615 exemplum
1076 535 1169 600 tenaci
1184 535 1324 598 memoria
1341 535 1406 596 lero

247 645 399 703 immutata
421 677 462 687 —-
485 643 564 720 quod
585 645 632 704 rel
654 644 791 703 carminis
814 646 850 704 dc
872 643 1084 714 Hildebrando‚
1108 642 1154 700 cui
1178 643 1238 701 lere
1260 640 1406 700 similiora

247 747 343 804 forent
365 746 435 804 noni
459 747 550 804 seculi
573 745 727 805 Homerica
749 754 778 804 et
800 763 816 805 a
839 746 947 819 scripto
970 745 1097 802 Homero
1124 743 1319 802 cultissimum
1343 741 1405 799 iam

245 855 364 921 tempus
386 851 559 908 ostendente
581 849 668 923 plane
690 849 820 920 diversa,
848 849 925 922 apud
948 853 1094 906 nostrates
1117 846 1284 904 seculorum
1307 850 1407 901 muta-

247 949 343 1009 tiones
370 950 554 1010 ostendentis
581 953 748 1025 exemplum
775 952 880 1010 refutat
902 979 942 991 -
971 947 1097 1021 amplius
1125 945 1257 1021 dignosci
1285 943 1407 1019 possint

247 1056 276 1110 et
298 1052 436 1111 exsecari.
482 1053 525 1112 hd
548 1053 616 1112 talia
638 1053 726 1126 enim,
750 1053 833 1126 quasi
853 1067 913 1110 non
936 1050 995 1110 sint
1016 1048 1161 1132 aequabili
1183 1055 1288 1122 poetae
1302 1048 1408 1105 labore

247 1153 346 1212 omnia
368 1162 493 1214 noronte
515 1154 545 1212 in
568 1171 659 1214 uuum
686 1171 795 1230 eorpus
817 1153 955 1224 contusa,
983 1167 1017 1211 ea
1040 1151 1137 1211 omnia
1164 1151 1271 1210 selecta
1294 1149 1409 1208 referre

248 1272 324 1329 quae
352 1255 432 1330 ipsas
458 1271 506 1315 res
533 1257 690 1316 narrationi
721 1255 890 1332 procedenti
918 1253 1101 1313 necessarias
1129 1253 1281 1312 continent
1307 1251 1347 1310 ob
1376 1250 1408 1308 id

248 1357 346 1430 ipsum
368 1358 429 1416 lere
450 1358 580 1430 meliora,
604 1375 695 1434 quum
719 1359 801 1433 epica
821 1357 921 1432 poesis
943 1355 1069 1414 maxime
1091 1371 1217 1415 ararum
1231 1360 1408 1427 argumento

249 1465 279 1517 et
300 1458 441 1532 dignitate
464 1463 588 1533 pendeat
610 1469 700 1536 atque
720 1469 824 1536 poetae
846 1460 969 1518 facultas
991 1473 1050 1532 quo
1073 1457 1169 1516 minor
1191 1463 1236 1515 est
1251 1455 1409 1529 magisque

248 1559 377 1618 erebus
400 1545 546 1634 suspensa
568 1578 603 1623 eo
626 1563 691 1637 ipso
707 1564 745 1622 sit
757 1559 978 1636 inaequabilior,
1002 1558 1135 1633 quamvis
1155 1566 1284 1617 ceterum
1307 1571 1408 1631 neque

249 1673 386 1720 sermone
409 1677 506 1736 neque
528 1679 628 1723 revera
649 1665 768 1740 ingenio
792 1663 907 1722 diversa
922 1661 969 1733 sit,
992 1659 1021 1720 id
1038 1668 1070 1720 ut
1084 1659 1271 1734 ingeniosum
1285 1659 1408 1734 quidem

250 1769 297 1820 est
318 1767 348 1820 et
368 1763 494 1822 maxime
521 1766 692 1825 delectabile
719 1767 758 1824 lta
784 1765 936 1824 iniustum.
982 1763 1097 1832 Quoia
1120 1777 1152 1821 re
1175 1779 1273 1836 neque
1296 1764 1334 1820 de
1356 1761 1408 1819 Hi·

249 1862 427 1938 belungicis,
462 1868 569 1925 nedum
604 1869 640 1927 de
672 1865 834 1927 Homericis
867 1867 959 1925 multo
993 1863 1095 1923 maiori
1129 1880 1196 1923 cnm
1229 1871 1290 1922 arte
1322 1863 1409 1922 lactis

249 1965 436 2025 Lachmanuo
464 1969 630 2028 consentire
657 1983 789 2042 possum.
838 1968 956 2027 Homeri
982 1983 1052 2026 vero
1080 1983 1197 2026 carmen
1225 1967 1302 2026 sieut
1326 1966 1408 2041 apud

250 2081 306 2124 nus
328 2067 424 2126 medio
446 2085 519 2127 aevo
535 2069 651 2128 initium
674 2070 727 2128 luit
749 2071 947 2145 amplissimae
971 2069 1120 2143 epicorum
1144 2069 1305 2126 canninum
1321 2067 1407 2142 poesi

250 2167 356 2227 similis
378 2170 505 2229 ambitus
527 2171 682 2245 variaeque
704 2173 775 2232 artis
796 2174 884 2246 longe
906 2178 1002 2229 tamen
1019 2170 1055 2228 ab
1072 2171 1225 2228 Homerica
1239 2170 1408 2229 recedentis

250 2268 310 2327 lere
337 2279 370 2330 nt
395 2288 412 2330 a
439 2271 638 2347 Nibelungicis
670 2281 766 2332 cetera
793 2275 829 2332 de
856 2272 963 2331 fabulis
990 2271 1170 2332 Gennauicis
1197 2271 1325 2330 carmina
1355 2272 1407 2344 (cl.

250 2371 388 2432 Thebaid.
413 2375 446 2433 lr.
468 2373 497 2433 2.
514 2372 543 2434 3.
579 2376 680 2434 lltlntz.
706 2376 790 2452 Cypr.
815 2377 848 2434 lr.
869 2371 897 2434 5.
922 2375 952 2433 ll.
976 2389 1054 2448 parv.
1073 2375 1104 2432 lr.
1121 2372 1157 2447 7)
1195 2381 1409 2448 poetarumque

250 2474 376 2534 maxime
409 2477 587 2548 lonicorum,
626 2494 695 2536 mox
722 2493 791 2536 vero
815 2477 992 2536 Graecorum
1027 2477 1057 2536 in
1090 2477 1207 2550 Europa
1240 2475 1327 2532 etiam
1363 2491 1411 2534 se·

250 2577 380 2634 cundum
412 2576 604 2638 imitationem
637 2579 820 2638 Homericam
857 2579 908 2652 (cl.
932 2567 1084 2637 Kirchhoff
1109 2578 1163 2647 Qu.
1192 2577 1276 2634 Hom.
1305 2577 1408 2650 partic.

249 2694 278 2751 p.
295 2675 336 2738 16
348 2682 430 2754 sqq.)
460 2697 536 2757 quae
558 2682 623 2756 ipsa
645 2682 841 2741 certissimum
866 2679 965 2755 scripti
988 2679 1105 2738 Homeri
1128 2677 1330 2738 testimonium
1355 2685 1410 2751 est,

250 2795 299 2839 res
322 2787 418 2841 taurea
441 2784 534 2859 magis
561 2801 678 2844 narrare
704 2785 811 2844 multas
839 2799 927 2859 quom
954 2789 1015 2840 arte
1038 2783 1181 2840 delectare
1205 2781 1411 2854 quaerentium

251 2889 281 2940 et
303 2884 457 2944 deficiente
479 2887 641 2947 carminum
664 2887 784 2946 materia
806 2889 898 2945 multa
919 2891 970 2944 aut
984 2882 1068 2942 novis
1084 2883 1190 2941 tabulis
1206 2880 1312 2941 additis
1328 2885 1411 2942 velut

253 2985 290 3042 de
312 2985 510 3046 Amazonibus
532 2997 562 3048 et
582 2989 775 3063 Aethiopibus
798 2996 848 3047 aut
870 2986 1034 3047 seeundum
1049 2985 1213 3058 analogiam
1224 2983 1410 3043 Homericam

252 3084 308 3158 (ita
330 3086 495 3148 descensus
518 3091 548 3148 in
571 3091 680 3150 inleros
703 3093 774 3164 etc.)
797 3089 957 3165 repetendo
980 3086 1130 3145 arbitrario
1152 3087 1334 3161 lingentium,
1361 3082 1410 3159 qui

251 3171 298 3245 vel
321 3187 486 3248 tabularum
509 3207 614 3251 eatrsas
635 3193 693 3251 iem
709 3193 927 3266 quodammodo
947 3189 1091 3264 explicare
1111 3188 1208 3246 conati
1226 3188 1277 3262 (cl.
1289 3186 1410 3246 Hirchh.

252 3289 272 3346 l.
286 3304 311 3346 c.
320 3306 355 3363 p.
369 3286 426 3363 19)
450 3300 482 3350 ut
503 3296 557 3352 hac
580 3311 612 3354 re
634 3294 674 3352 ita
696 3300 894 3352 accurator-um
919 3290 1149 3364 descriptionum
1171 3289 1274 3366 (Gypr.
1285 3289 1319 3346 lr.
1331 3288 1363 3346 2.
1374 3285 1410 3359 3)

253 3390 352 3450 studio
375 3399 404 3450 et
425 3396 589 3468 argumenti
612 3395 799 3455 multitudiue
822 3409 909 3469 quam
933 3391 1119 3467 reprehendit
1130 3389 1301 3450 Aristoteles
1314 3389 1412 3464 histo·
1514 3429 1515 3432 κ

253 3491 327 3550 riam
349 3504 518 3555 nascentem
542 3497 618 3557 sicut
640 3497 716 3557 inter
732 3496 877 3556 Hesiodea
892 3495 1018 3554 maxime
1034 3495 1129 3552 Hoeae
1144 3493 1283 3551 indicant.
1327 3492 1412 3560 Quae

254 3595 374 3668 quidem
397 3598 526 3658 carmina
547 3600 603 3673 ipsi
620 3601 746 3659 Homero
769 3599 846 3672 apud
862 3605 976 3655 veteres
991 3598 1174 3671 plerumque,
1198 3601 1301 3669 postea
1313 3602 1413 3653 autern

253 3697 407 3756 doctorum
435 3700 611 3760 coniecturis
639 3700 763 3760 diversis
790 3698 1005 3772 rhapsodorum
1032 3697 1202 3756 nominibus
1229 3704 1258 3755 et
1279 3697 1326 3754 vel
1347 3697 1413 3770 plu·

253 3799 336 3857 ribus
368 3799 486 3874 singula
518 3804 682 3861 secundum
713 3801 821 3876 patrias
854 3815 930 3874 quae
963 3799 1158 3859 credebantur
1187 3798 1349 3872 adscripta,
1385 3801 1414 3854 et

255 3902 398 3974 quaedam
424 3905 471 3961 vel
498 3904 618 3965 Phemio
646 3905 780 3963 labuloso
809 3911 838 3962 et
863 3902 1031 3961 Demodoco
1059 3903 1150 3975 (Plnt.
1173 3902 1210 3958 de
1232 3915 1308 3958 mus.
1332 3896 1353 3959 3
1377 3913 1412 3956 ex

253 4001 419 4076 Heraclide,
447 4003 482 4062 cl.
507 4005 615 4065 Tatian.
641 4007 689 4066 Or.
713 4008 777 4065 adv.
802 4006 850 4065 Gr.
874 4019 902 4078 p.
919 4000 1008 4077 275),
1041 4004 1071 4062 in
1099 4001 1179 4061 omni
1201 4019 1270 4060 mox
1293 3999 1413 4062 Graecia

254 4103 332 4162 clara
354 4121 456 4179 sparsa
477 4114 574 4166 tamen
598 4108 677 4168 iuxta
704 4108 782 4167 varia
809 4109 873 4167 loca
901 4123 1026 4182 quomm
1050 4105 1164 4164 tabulas
1187 4104 1314 4163 maxime
1336 4085 1413 4162 cele*—

254 4204 374 4266 brareut
396 4240 437 4248 -—
460 4207 528 4269 inde
551 4219 664 4283 septem
687 4211 753 4269 illae
776 4210 893 4268 Homeri
922 4209 1011 4268 nrbes
1034 4209 1144 4267 natales
1168 4240 1209 4249 —-
1230 4206 1413 4280 Hipparchus

255 4306 351 4379 (idem
378 4310 457 4369 enim
483 4319 529 4370 est
557 4313 637 4387 quod
664 4314 701 4372 de
724 4313 833 4372 Solone
861 4311 1011 4371 Pisistrato
1038 4309 1204 4384 hipparcho
1231 4313 1365 4368 narratur
1387 4309 1415 4362 et

253 4409 291 4467 de
320 4409 486 4485 llipparcho
514 4413 633 4487 quidem
662 4431 720 4489 quo
748 4414 847 4473 minus
874 4413 932 4474 illis
960 4414 1056 4472 clarus
1085 4412 1140 4472 luit
1166 4428 1202 4472 eo
1230 4405 1413 4471 credibilius:
