3072 5164
734 349 774 410 71

168 518 281 591 plicins
303 535 322 576 a
342 517 462 593 physice
484 517 638 592 disciplina
664 513 794 580 Φυσικὰ
817 519 957 594 inscripta
969 520 1017 592 (D.
1030 522 1060 580 l..
1075 518 1104 593 5,
1117 518 1175 594 46)
1195 529 1328 582 accurate

165 619 303 693 ‚seiungit
339 618 388 692 (el.
406 619 435 678 in
453 619 539 693 Phys.
559 619 577 676 l.
597 615 639 678 33
652 638 688 670 =
704 621 771 679 Scb.
784 618 857 693 335,
869 619 919 681 31.
954 619 1037 681 625.
1066 615 1101 684 e’r
1129 621 1171 706 τῇ
1198 612 1328 707 ἱστορίᾳ

167 722 188 778 l'.
203 718 386 780 ‘elesmoth
400 718 516 798 cecc),
550 720 684 780 eiusdem
712 730 861 796 praeterea
888 723 1080 795 Theophrasti
1107 714 1326 806 ἀστρολογικὴ

166 811 299 904 ἱστορία
333 829 363 880 et
395 811 599 905 ἀριθμητική
622 820 667 899 (D.
685 824 715 882 L.
737 822 769 895 5,
784 821 837 898 50)
875 831 904 882 et
929 817 1128 907 γοωμετρική
1152 825 1196 900 (5,
1213 825 1268 904 48)
1295 831 1325 886 et

164 922 237 984 scir
266 917 345 1003 περὶ
375 918 415 984 τὸ
441 922 538 984 θεῖοι
564 913 694 1005 ίσσσρίσ
715 925 759 995 (Ι).
775 927 805 983 L.
818 923 847 998 5,
860 922 929 998 48),
963 941 1040 999 quse
1071 935 1168 985 tomen
1201 925 1324 984 Eudemi

164 1026 310 1084 librorum
332 1025 363 1084 iu
386 1026 532 1084 similibus
555 1027 735 1098 argumentis
759 1025 938 1084 versantium
961 1023 1030 1101 (nisi
1053 1029 1129 1087 torte
1150 1025 1239 1086 iidem
1255 1031 1324 1084 suut

164 1127 248 1185 vario
268 1125 415 1204 inseripti)
436 1128 515 1200 apud
536 1127 715 1200 posuerimus
744 1127 819 1184 lama
842 1134 1019 1200 superantur
1041 1135 1070 1186 et
1091 1127 1229 1186 historiae
1252 1139 1322 1201 geo-

164 1227 305 1286 metricae
322 1223 437 1303 (Simpl.
450 1228 479 1286 iu
493 1229 579 1302 Phys.
594 1227 660 1286 Seh.
673 1224 735 1286 327
742 1227 761 1284 b
773 1227 815 1284 22
827 1230 862 1284 et'.
876 1225 949 1299 327,
961 1225 1011 1288 36.
1025 1225 1112 1288 3466
1125 1227 1175 1288 31.
1199 1229 1322 1287 Proetus

163 1331 198 1388 in
220 1329 331 1388 Euclid.
360 1345 387 1402 p.
405 1327 446 1388 92
473 1327 523 1401 oni
551 1343 587 1386 erc
613 1329 745 1386 Eudemo
773 1327 838 1386 sine
866 1329 955 1386 dubio
984 1331 1090 1388 sumsit
1118 1330 1321 1388 recensionem

163 1431 246 1488 illam
267 1429 538 1488 mathematicorum
560 1428 591 1486 in
613 1429 742 1488 Platonis
766 1429 918 1501 discipulis
941 1438 969 1489 et
991 1438 1057 1488 aute
1079 1431 1229 1488 Euclidem
1252 1429 1323 1488 eita-

164 1542 229 1592 tuut
251 1530 461 1592 subsistentem
484 1546 511 1602 p.
531 1528 570 1590 19
594 1531 630 1590 el.
644 1529 694 1590 79.
706 1529 758 1590 87.
771 1529 822 1590 99.
835 1528 907 1591 109.
937 1531 1055 1606 scripsit
1075 1539 1225 1604 praeterea
1247 1532 1320 1589 Eud.

162 1635 272 1694 librum
295 1626 374 1715 περὶ
395 1622 516 1712 γωνίας
538 1631 577 1688 ib.
590 1649 619 1704 p.
633 1627 686 1704 35)
710 1638 738 1688 et
760 1632 954 1705 astrologicae
976 1631 1094 1708 (simpl.
1109 1634 1240 1692 decocto
1253 1632 1319 1690 Seh.

162 1733 308 1796 498648
330 1752 347 1793 e
369 1733 512 1806 sosigene
535 1733 570 1789 el.
583 1729 657 1803 497,
670 1729 720 1790 11.
737 1733 770 1790 D.
788 1733 819 1790 L.
833 1730 862 1803 1,
875 1730 927 1790 23.
950 1733 1023 1790 Eud.
1047 1726 1084 1793 ἐν
1102 1732 1176 1806 τοῖς
1199 1722 1320 1813 ἀστρο-

163 1830 296 1920 λογίαις
316 1853 363 1910 ap.
376 1836 485 1894 Theon.
499 1833 614 1907 Smyrn.
629 1841 790 1892 astronom.
802 1832 1086 1911 p.322-—24Mart.)
1100 1843 1129 1892 et
1139 1834 1322 1906 theologicae

164 1941 246 2016 quali
266 1955 340 2000 usus
363 1951 431 1996 esse
452 1932 612 1992 Posidonio
639 1942 671 1992 ut
693 1936 781 1992 eredo
802 1936 935 1994 tradente
957 1935 1127 2008 intelligitur
1149 1934 1323 1993 Damaseins

163 2045 204 2102 de
225 2040 347 2116 princip.
371 2056 400 2112 p.
415 2033 487 2096 382.
500 2032 572 2094 383.
591 2033 662 2096 384.
680 2032 743 2094 385
768 2036 818 2109 (de
842 2035 951 2108 Orphei
973 2035 1120 2108 theologis
1142 2041 1171 2094 et
1192 2031 1319 2092 Acusilci

162 2152 195 2204 et
221 2144 371 2216 Magorum
398 2171 439 2178 -
461 2137 497 2194 el.
521 2136 553 2193 b.
577 2136 609 2192 L.
632 2152 763 2209 prooem.
787 2135 806 2196 9
834 2151 875 2176 *ss
908 2152 963 2194 nee
989 2153 1047 2194 nou
1076 2135 1265 2195 Sidoniorum
1291 2141 1320 2191 et

160 2237 413 2319 Aegyptiorum„
424 2237 547 2312 Physica
569 2253 639 2296 uero
662 2237 784 2296 Eudemi
807 2236 972 2295 Aristotelis
988 2237 1130 2294 rationem
1146 2243 1178 2294 ut
1193 2236 1224 2292 in
1240 2234 1319 2292 omni

160 2355 266 2406 tenore
294 2343 332 2402 ita
360 2342 389 2398 in
418 2338 566 2400 historicis
593 2338 775 2411 exponendis
804 2345 928 2396 servant.
974 2337 1141 2395 Aristoxeni
1167 2335 1318 2395 historiam

161 2444 365 2506 hamtonieam
398 2437 466 2496 citut
495 2437 567 2497 Plut.
596 2438 669 2496 blus.
694 2437 734 2496 16
769 2436 819 2513 (de
841 2437 995 2496 Heraclide
1016 2454 1040 2495 e.
1062 2435 1096 2514 3)
1128 2437 1163 2494 el.
1191 2436 1317 2494 Aristox.

161 2551 257 2606 barm.
273 2562 301 2617 p.
314 2541 343 2600 2.
357 2539 386 2600 6.
429 2540 488 2598 Nec
510 2538 604 2611 magis
628 2539 779 2598 Ciceronis
802 2541 837 2596 de
861 2554 998 2598 sermone
1020 2539 1136 2596 illorum
1160 2539 1196 2596 6ο
1208 2537 1319 2595 artibus

161 2646 367 2722 expositorum
401 2641 505 2698 laudes
531 2638 681 2698 Aristoteli
709 2641 807 2698 lavent
838 2656 999 2714 numquam
1032 2655 1066 2697 es
1100 2639 1129 2696 in
1157 2636 1323 2696 Rhetoricis

165 2763 264 2822 neque
292 2746 400 2818 scripta
430 2756 526 2814 neque
555 2740 709 2800 scribenda
736 2740 909 2798 stercoranti
940 2755 1027 2811 qnam
1050 2747 1100 2796 aut
1120 2740 1319 2810 Theophrasto

162 2849 300 2908 similiter
327 2853 356 2904 et
381 2845 417 2902 sb
444 2844 547 2901 eodem
575 2842 692 2899 laudato
719 2849 769 2900 aut
791 2840 896 2900 ceteris
920 2840 1081 2913 discipulis.
1126 2840 1225 2912 ipsum
1248 2851 1318 2894 vero

163 2952 267 3010 lelium
301 2948 444 3004 librorum
476 2942 633 3001 consilium
667 2955 755 3016 quem
789 2942 936 2998 diversum
972 2941 1057 2998 luerit
1089 2939 1125 2996 ab
1153 2938 1318 3007 Aristotele,

161 3053 263 3112 diseas
285 3065 321 3106 ex
344 3047 410 3106 libri
433 3043 643 3118 Theoplrrcstei
665 3036 744 3124 περὶ
766 3031 961 3123 αἶσ3ήσιιον
983 3039 1027 3116 (D.
1040 3043 1072 3098 L.
1086 3037 1115 3110 5,
1128 3040 1182 3116 42)
1203 3046 1317 3098 servato

161 3153 301 3226 exemplo
324 3165 411 3224 quem
433 3153 545 3220 purtem
574 3144 666 3202 luisse
688 3146 828 3219 physicae
851 3144 989 3202 historiae
1012 3158 1049 3200 nc
1072 3143 1175 3200 credas
1198 3139 1319 3199 Sennei-
1377 3165 1383 3174 ·

162 3258 247 3314 dero.
291 3249 464 3310 unctorime
486 3247 599 3306 aceedit
620 3248 710 3304 ultera
736 3263 811 3320 quae
834 3244 981 3304 Aristoteli
1009 3244 1155 3316 adscripta
1181 3246 1227 3300 est
1248 3258 1319 3315 poe-

163 3368 263 3416 tarum
285 3352 405 3412 historia
429 3341 521 3430 (περὶ
540 3344 689 3427 ποιητῶν
714 3347 776 3404 sive
799 3340 877 3423 περὶ
898 3341 1084 3425 ποιητικῆς,
1108 3341 1318 3402 etheraolidis

164 3460 315 3530 dialogum
333 3446 411 3534 περὶ
422 3448 597 3532 ποιητικῆς
609 3445 664 3510 ιιοιί
675 3446 740 3508 τῶι
755 3446 904 3528 ποιητῶν
920 3448 950 3503 [l.
964 3449 995 3504 L.
1009 3443 1038 3516 5,
1049 3443 1104 3521 88)
1121 3447 1157 3502 de
1169 3454 1321 3518 poetarum

164 3560 236 3620 uitis
258 3557 372 3616 lubnlas
392 3555 534 3627 colligens
557 3552 654 3610 studio
678 3551 803 3623 quodam
827 3547 1016 3620 biographieo
1039 3544 1238 3617 Peripateticis
1253 3551 1324 3617 apto

166 3671 198 3722 et
220 3651 302 3736 stov
324 3656 516 3731 scriptoribus
539 3669 650 3726 easque
677 3653 722 3710 vel
746 3650 945 3723 ineptissimas
973 3649 1052 3704 velut
1080 3647 1220 3704 famosam
1243 3645 1321 3702 illam

168 3766 207 3822 de
220 3763 347 3820 llonrero
360 3760 434 3816 Plut.
449 3757 497 3814 vit.
511 3756 594 3812 Hom.
608 3751 628 3812 3
652 3749 718 3826 (eet.
732 3753 767 3809 el'.
781 3752 863 3808 locos
876 3767 891 3806 a
904 3751 1029 3808 hlitlleru
1038 3750 1067 3805 T.
1080 3749 1104 3806 ll
1115 3765 1143 3821 p.
1153 3743 1322 3806 185-187

169 3863 288 3940 citatos)
311 3875 399 3934 ouem
423 3860 530 3916 librum
554 3857 599 3913 vel
622 3861 742 3928 propter
757 3853 851 3925 ipsum
864 3853 938 3910 harre
950 3851 1114 3908 fabularum
1126 3848 1324 3906 curiositatem

170 3965 260 4026 alieni
282 3979 349 4022 esse
372 3961 500 4020 auctoris
523 3971 577 4016 suo
600 3957 664 4014 iure
687 3955 838 4014 contendit
860 3953 1053 4010 Nitzsebhist.
1066 3953 1150 4010 Hom.
1164 3951 1197 4020 ll,
1210 3947 1259 4008 37.
1272 3948 1324 4018 42,

171 4071 281 4128 frustra
307 4065 358 4138 qui
385 4063 481 4120 simile
508 4061 591 4120 offert
618 4058 784 4130 exemplum
813 4055 978 4128 politiarum
1007 4055 1111 4111 eodem
1137 4051 1235 4125 potius
1263 4051 1326 4106 iure

173 4169 434 4229 cortdernoatarum
462 4164 615 4220 theloneus
640 4163 703 4234 (Ep.
722 4158 793 4232 cycl.
808 4157 828 4228 1,
842 4153 916 4230 158)
945 4162 1133 4228 repugnante.
1178 4151 1221 4208 Ad
1249 4151 1326 4207 idem

174 4269 303 4342 denique
326 4283 420 4340 genus
443 4265 591 4338 pertinent
613 4270 642 4320 et
664 4262 713 4318 ille
739 4250 818 4336 περὶ
841 4246 1049 4340 φιλοσοφίας
1071 4255 1088 4313 i.
1113 4271 1138 4310 e.
1163 4249 1212 4328 (cl.
1236 4252 1328 4323 Speu-

176 4373 252 4446 sipp.
267 4372 298 4430 u.
311 4371 342 4428 L.
355 4370 386 4440 4,
398 4369 417 4426 4
431 4377 460 4426 et
470 4368 501 4438 9,
513 4364 568 4442 23)
596 4359 674 4444 περὶ
696 4351 897 4444 φιλοσόφων
923 4359 959 4418 de
982 4375 1041 4430 quo
1064 4357 1138 4415 inira
1161 4351 1328 4420 dicendum,
