3024 5162
783 315 845 377 190
861 312 866 320 ’

240 493 359 552 bleteor.
377 489 407 561 2,
421 486 449 548 6.
469 484 610 559 asael:
635 451 698 550 ὅσα
719 479 764 570 μή
788 477 992 568 συμβέβηκεν
1013 477 1047 546 ἐν
1069 481 1138 556 τοῖς
1161 463 1401 562 προβλήμασιν

240 585 400 676 εἰρῆσθαι
420 587 491 663 τοῖς
512 583 596 650 κατὰ
618 585 729 674 μέρος.
774 588 855 658 Quae
883 587 1002 662 quidem
1024 583 1190 646 Aristotelis
1212 580 1403 656 problemate
1481 573 1482 614 l

240 705 269 757 et
291 695 377 756 nobis
405 692 556 772 deperdita
581 699 610 752 et
635 690 796 766 antiquitus
830 690 887 748 iam
914 689 987 764 ipsis
1011 687 1130 748 Graecis
1163 701 1254 760 quum
1278 685 1404 756 propter

240 805 444 874 argumentum
467 794 565 854 minus
587 794 715 854 notabile
737 800 800 852 tum
822 799 941 866 propter
963 792 1087 849 aliorum
1108 795 1259 848 auctorum
1287 782 1404 843 similes

208 903 332 962 -libros
355 898 512 974 plurimos,
542 898 623 956 nullo
652 898 741 955 modo
769 893 870 952 dubito
898 892 969 967 quin
992 909 1009 950 a
1030 891 1226 966 posteriorum
1248 887 1405 962 Peripate·
1477 921 1479 965 t

242 1004 364 1064 tinorum
388 998 601 1060 consuetudine
624 997 709 1056 ouius
732 1013 810 1056 nunc
833 991 952 1072 quoquc
974 1001 1165 1053 monumenta
1180 999 1297 1050 exstant
1314 987 1403 1048 Arist.

243 1103 381 1164 blirnbilia
405 1110 434 1161 et
456 1102 564 1161 Oecnn.
588 1100 674 1158 libii
696 1097 908 1173 Hippocraticis
931 1097 988 1156 illis
1011 1095 1194 1170 Apborismis
1211 1103 1241 1154 et
1258 1091 1404 1153 Prombe·

242 1208 298 1266 ticn
321 1206 416 1280 primo
434 1213 463 1263 et
480 1203 576 1262 Coieis
598 1200 840 1276 praenotinnibns
863 1215 1000 1258 necnon
1022 1198 1196 1256 Mirabilinm
1217 1213 1322 1256 rerum
1346 1193 1404 1252 col·

243 1309 419 1370 lectionibus
453 1306 540 1379 plene
573 1303 692 1376 similia,
730 1303 803 1364 tales
837 1301 1052 1360 Problematum
1086 1301 1177 1360 libros
1211 1296 1404 1358 tumultuaria

244 1413 330 1483 plane
364 1409 476 1468 natione
510 1415 560 1464 aut
592 1421 715 1479 prorsus
748 1406 829 1464 nulla
862 1404 994 1477 undique
1026 1403 1248 1478 congerentium
1280 1398 1403 1459 omnino

245 1509 431 1569 recesserint.
476 1509 547 1568 Natu
575 1522 651 1580 quae
677 1507 741 1581 ipse
768 1507 837 1566 citat
868 1521 903 1564 ee
929 1519 989 1564 non
1020 1507 1158 1580 leguntur
1183 1505 1213 1563 in
1236 1500 1403 1562 Aristotelis

247 1626 322 1686 quae
344 1609 477 1674 seruntur
498 1607 690 1667 Problematis
713 1607 844 1683 physicis
866 1607 987 1683 (iisdem
1010 1607 1075 1666 sine
1098 1607 1187 1666 dubio
1211 1623 1279 1666 oum
1301 1619 1403 1689 φυσι-

172 1792 175 1798 ,
247 1709 313 1774 κῶν
340 1699 584 1792 προβλημάτων
616 1704 701 1772 κατὰ
729 1706 890 1786 στοιχεῖον
912 1707 954 1770 38
986 1709 1068 1769 libris
1095 1725 1171 1784 quos
1199 1708 1307 1768 indicat
1334 1707 1402 1766 nto·

248 1815 355 1889 genes)
388 1829 444 1872 nec
475 1828 616 1887 umquam
643 1812 699 1888 legi
721 1819 880 1888 potnerunt
912 1813 1008 1886 (quod
1030 1811 1104 1870 lalso
1124 1826 1192 1870 oum
1215 1811 1280 1871 aliis
1302 1808 1401 1871 statuit

249 1916 529 1978 testamentalem.
542 1912 572 1986 2,
585 1912 677 1986 191);
702 1921 771 1974 sunt
793 1914 871 1974 enim
894 1915 1012 1972 baecen
1034 1929 1158 1987 quornm
1181 1921 1210 1972 ct
1221 1913 1316 1973 omnis
1327 1910 1399 1972 ratio

248 2018 403 2079 Aristotele
425 2032 548 2091 prorsus
570 2016 691 2090 indigna
712 2022 741 2074 et
762 2023 966 2089 argumentum
987 2031 1093 2090 magna
1115 2031 1152 2075 ex
1172 2025 1254 2090 porte
1276 2017 1312 2076 eb
1335 2016 1397 2076 eins

248 2135 308 2178 non
342 2119 496 2177 sententiis
530 2119 627 2178 solnm
660 2117 708 2176 oui
740 2117 787 2174 vel
820 2118 980 2178 contrarias
1014 2135 1073 2178 non
1105 2135 1170 2178 raro
1198 2125 1316 2178 tuentur
1346 2115 1397 2176 seli

249 2219 354 2282 studiis
378 2219 464 2276 etiam
487 2217 615 2276 alienum
638 2218 733 2290 (velut
756 2218 869 2276 medice
890 2226 920 2279 ct
941 2221 1078 2294 musica).
1123 2222 1155 2280 ld
1177 2221 1257 2296 quod
1283 2235 1340 2278 non
1362 2218 1396 2276 de

250 2324 304 2382 bac
338 2320 434 2379 solum
468 2318 640 2379 collectione
662 2318 738 2378 valet
769 2319 822 2378 sed
850 2320 886 2378 de
909 2322 1014 2381 ceteris
1041 2323 1128 2384 etiam
1150 2324 1237 2398 plane
1260 2323 1396 2382 similibus

250 2439 323 2500 quas
345 2423 452 2480 multas
475 2420 586 2495 antiqui
612 2420 745 2480 serebant
772 2417 935 2482 Aristotelis
969 2425 1020 2497 (cl.
1043 2435 1159 2500 praeter
1180 2425 1292 2484 indices
1312 2424 1393 2484 Arist

248 2524 297 2586 rit
321 2523 416 2582 Nnnn.
440 2540 468 2596 p.
482 2519 633 2595 λον-25).
679 2523 743 2596 „Ex
765 2521 812 2581 nr.
836 2523 910 2584 libro
933 2517 1159 2608 auripalatio
1181 2515 1393 2612 προβλήματα

250 2624 409 2697 inscriptus
432 2625 491 2684 est’'
519 2624 587 2684 citat
610 2625 720 2691 Gellius
736 2621 824 2697 20‚5
847 2624 924 2684 idem
953 2643 1076 2700 prorsus
1099 2617 1250 2705 problema
1272 2630 1343 2705 quod
1360 2628 1391 2686 in

250 2712 359 2786 nostris
382 2725 469 2784 etiam
484 2721 535 2799 30,
553 2723 595 2789 10
618 2725 774 2800 repetitur,
810 2726 847 2783 de
875 2741 933 2799 qua
959 2741 991 2788 re
1013 2731 1121 2794 fallitur
1143 2731 1391 2792 stabulensi.

248 2829 333 2891 unm.
345 2823 422 2902 1323
444 2827 485 2888 ita
507 2835 535 2887 et
556 2828 587 2886 in
604 2826 714 2887 codicis
726 2826 884 2889 llletritaus
897 2827 946 2890 et
960 2831 1175 2894 Problematon
1187 2833 1391 2896 medicinalium

250 2940 279 2990 et
305 2929 494 3004 physicorum
521 2929 693 2990 collectione
719 2945 772 3003 per
798 2939 896 3004 partes
924 2942 1056 2994 exstante
1079 2937 1303 3012 Aristotelisque
1326 2936 1390 2994 lalsn

249 3031 369 3093 nornine
402 3039 502 3090 ornata
534 3033 625 3091 mults
658 3047 733 3104 quae
764 3039 793 3090 et
821 3033 852 3092 in
883 3035 992 3096 nostris
1026 3045 1198 3112 repetuntur
1230 3041 1282 3112 (el.
1304 3037 1391 3098 Prantl

248 3135 323 3196 liber
357 3132 404 3192 die
426 3133 579 3193 Probleme
613 3131 872 3194 reserrentur.
897 3137 923 3194 d.
948 3138 1085 3201 blllnchn.
1109 3141 1189 3198 acad.
1213 3138 1298 3204 1850
1318 3143 1346 3200 Τ.
1360 3139 1392 3198 Vl

248 3252 276 3309 p.
289 3231 377 3306 366).
422 3235 543 3292 Exstant
570 3249 649 3293 nunc
677 3249 796 3308 quoque
821 3231 983 3317 μηχανικὰ
1006 3235 1124 3322 προβλ.
1152 3257 1227 3315 qnae
1255 3244 1309 3304 etsi
1335 3241 1392 3302 dili-

249 3335 365 3412 gentius
394 3335 576 3409 uberiusque
603 3334 736 3409 exposita
769 3345 797 3395 et
823 3339 869 3397 vel
896 3341 1047 3412 prooemio
1075 3352 1189 3416 ornate,
1223 3345 1252 3404 in
1282 3359 1339 3420 quo
1361 3345 1392 3404 do

248 3437 485 3511 mechanicorum
507 3438 620 3498 ratione
644 3441 792 3513 quomodo
807 3456 853 3499 ‘se
875 3441 1001 3504 habeant
1022 3444 1059 3502 ad
1079 3445 1202 3520 physica
1223 3449 1393 3521 problemate

248 3559 276 3617 p.
289 3538 363 3614 847,
376 3539 427 3613 24,
451 3555 511 3599 non
533 3540 626 3614 magis
649 3548 747 3600 nmen
770 3532 858 3616 quom
881 3551 977 3603 cetera
999 3545 1163 3609 Aristotelis
1188 3564 1255 3608 esse
1270 3549 1392 3624 putatis

248 3645 356 3719 quibus
374 3642 461 3702 tacito
484 3641 612 3700 auctoris
635 3643 755 3703 nomine
777 3660 852 3704 usus
875 3653 921 3704 est
942 3645 1004 3705 sive
1025 3649 1201 3724 potiusipso
1215 3663 1394 3726 exquoprc-

248 3747 374 3810 blemata
405 3745 478 3802 baec
511 3743 598 3802 ducta
631 3752 700 3812 sunt
732 3754 851 3808 auctore
878 3747 1028 3808 Vitruvius
1059 3749 1089 3811 in
1116 3751 1192 3813 libro
1224 3753 1339 3816 decimo
1363 3753 1395 3812 tle

248 3846 399 3923 principiis
421 3843 622 3904 machinarum
645 3861 745 3921 egens,
770 3847 805 3906 cl.
829 3849 882 3906 ed.'
900 3849 1184 3912 schneidencomm.
1207 3861 1227 3916 t.
1241 3852 1394 3931 utpote.

248 3945 454 4020 36136751.
476 3961 533 4006 van
557 3945 693 4021 Coppelle
715 3951 753 4008 ab
774 3948 821 4008 Ar.
845 3951 936 4010 Mecb.
960 3969 989 4026 p.
1007 3951 1069 4016 197
1087 3955 1138 4028 (cl.
1151 3954 1223 4016 214.
1236 3955 1325 4032 atr).
1356 3957 1397 4018 At

246 4055 320 4114 tales
341 4052 430 4127 igitur
452 4048 668 4110 Problematum
690 4051 781 4110 libros
804 4053 934 4125 perditos
956 4055 1109 4116 referenda
1132 4065 1201 4118 sunt
1222 4075 1257 4118 ea
1273 4076 1348 4136 pune
1362 4075 1394 4118 en

246 4153 411 4215 Aristotelis
429 4151 527 4211 Probi.
551 4167 638 4226 saepe
661 4153 751 4213 citant
771 4161 886 4214 veteres
908 4155 939 4214 in
961 4149 1071 4218 nost'ris
1093 4175 1153 4220 non
1175 4169 1290 4235 reperta
1310 4165 1392 4237 (qnos

247 4259 323 4319 citet
347 4255 464 4330 collegit
486 4254 583 4315 Prantl
604 4272 632 4329 p.
651 4252 829 4330 367-70);
865 4265 966 4321 nostra
999 4261 1078 4323 enim
1110 4263 1182 4324 haee
1215 4263 1285 4324 olim
1307 4264 1392 4324 luisse

246 4359 388 4432 auctiora,
416 4359 446 4418 id
467 4358 598 4432 prolecto
625 4374 685 4418 nou
713 4359 871 4421 verisimile
899 4347 1001 4423 estin
1028 4364 1171 4440 scriptore
1196 4381 1232 4424 eo
1260 4367 1394 4440 quisue·
