3072 5164
743 371 764 432 5

171 540 263 600 ut'oh
285 541 332 599 his
354 541 400 600 vel
422 541 673 616 Pythagoreorum
700 548 852 600 55515555(
875 543 1004 601 carmlaa
1027 543 1154 617 Orphica
1176 544 1329 616 lamentor,

171 640 280 700 deiude
302 655 372 700 sero
395 657 411 699 5
434 641 651 716 Neoplatonicis
675 643 837 702 carminum
861 643 1056 718 Orphicornm
1083 659 1245 718 eorumque
1267 646 1331 704 Pla-

171 749 239 800 tone
262 742 417 802 manilcsto
439 743 637 816 posteriorum
654 751 780 803 -suat
802 744 879 802 enim
902 760 962 803 555
987 745 1093 804 veteris
1108 761 1236 820 poeseos
1248 750 1332 806 theo·

172 842 298 914 logicae,
333 844 413 916 quod
440 843 527 902 nohis
555 845 686 902 obtrudit
712 845 823 903 Tzetzis
856 845 952 919 incpta
981 847 1018 904 de
1045 846 1197 906 Pisistrato
1224 849 1331 920 155515,

171 946 224 1002 scd
246 943 461 1002 Alexandrinae
487 945 649 1018 specimina
681 977 724 988 -
757 946 1078 1021 Pythagoricornmque
1105 950 1331 1024 amantissimis)

171 1043 226 1102 luit
246 1045 336 1118 igitur
357 1045 433 1104 ritae
455 1045 587 1104 doctrina
613 1045 797 1106 Christianae
820 1049 964 1121 quaedam
987 1049 1095 1108 indolis
1110 1051 1233 1124 vestigia
1248 1067 1332 1126 prac-

172 1147 248 1204 5555
260 1177 302 1188 --
318 1145 561 1205 Christianismns
583 1147 662 1204 eninr
685 1136 716 1205 ct
728 1148 919 1222 paganismus
935 1137 1150 1209 santumnium
1165 1159 1330 1227 temporum

171 1255 200 1306 ct
221 1247 352 1320 gentium
367 1247 530 1306 -studiis
553 1249 764 1307 mathematicis
787 1249 895 1322 quihus
918 1251 1042 1324 mystica
1056 1252 1200 1325 quaedam
1215 1253 1331 1311 numeri

172 1356 201 1407 at
223 1363 380 1408 mansurae
407 1349 533 1422 dignitas
560 1349 691 1408 animum
718 1349 843 1422 percolit
873 1351 994 1424 nutrita,
1028 1352 1083 1411 fuit
1109 1360 1189 1411 secta
1214 1353 1332 1426 politica

118 1457 119 1460 ’
170 1463 231 1507 555
264 1449 484 1523 philosophica,
518 1450 602 1508 onius
630 1449 673 1508 rei
704 1451 750 1508 vel
777 1451 1331 1528 555551551555511555511115515515-
1420 1501 1428 1512 ,

172 1551 264 1609 thiam
279 1552 460 1626 Pythagorae
476 1551 655 1625 increpantis
670 1551 871 1612 testimoninm
888 1563 933 1613 cst
949 1554 1001 1627 (51.
1014 1554 1101 1614 aliam
1116 1555 1205 1613 Grote
1216 1555 1329 1630 history

173 1652 389 1725 5155555511,
405 1649 478 1712 525.
495 1649 568 1712 531.
584 1649 657 1712 542.
674 1649 746 1712 544.
763 1651 825 1714 559
853 1656 904 1728 551
927 1656 1047 1729 quidam
1069 1657 1128 1714 huc
1150 1671 1247 1730 usque
1269 1673 1332 1718 om·

171 1755 253 1813 nium
277 1755 406 1828 optimus
427 1763 460 1814 nt
482 1756 519 1813 de
541 1754 680 1812 universa
702 1755 880 1816 Graecorum
903 1756 1024 1815 historia
1046 1756 1085 1816 ita
1108 1759 1146 1816 de
1168 1771 1229 1816 soc.
1248 1757 1331 1832 Pyth.

172 1864 275 1914 auctor
297 1857 366 1928 est).
410 1855 605 1930 Pythagoram
627 1872 697 1916 vero
720 1857 886 1916 Heraclitus
908 1858 965 1914 hoc
986 1857 1053 1915 loco
1069 1873 1135 1916 cnm
1152 1859 1332 1933 Xenophane

173 1955 325 2030 componit
346 1957 484 2014 Hieronis
506 1957 620 2030 aequali
643 1958 695 2030 qui
710 1967 740 2016 et
754 1958 819 2032 ipse
834 1957 896 2017 icra
911 1973 1008 2032 neque
1024 1959 1220 2035 philosophus
1236 1977 1332 2036 neque
1402 2013 1405 2020 .

173 2057 295 2115 omnino
317 2058 459 2132 physicus
482 2059 535 2117 sed
558 2066 645 2131 poeta
667 2067 696 2118 et
718 2060 828 2134 lyricus
850 2067 880 2118 et
901 2059 1004 2133 apicus
1032 2060 1248 2134 1555155515
1270 2079 1334 2121 oar·

173 2157 303 2216 minihus
325 2157 501 2230 quibusdam
525 2159 685 2218 Homerum
701 2168 738 2238 ⁴ct
758 2161 919 2220 Hesiodum
947 2161 1103 2235 increpans
1130 2163 1167 2221 de
1190 2163 1332 2222 1155555

67 2315 73 2325 ,
173 2261 257 2318 55515
280 2261 348 2334 ogit,
372 2276 388 2318 a
410 2260 539 2334 posteris
562 2261 680 2334 quidem
704 2269 821 2320 etcum
837 2263 945 2322 Hieratis
968 2263 1110 2322 conlusus
1133 2271 1162 2322 ct
1181 2263 1333 2324 iniustam

173 2361 378 2436 philosophiae
405 2362 535 2436 speciem
562 2363 620 2421 iarn
647 2363 715 2422 inde
737 2379 754 2421 5
776 2365 978 2438 Theophrasto
1006 2364 1217 2423 sententiarum
1244 2365 1334 2424 inter·

174 2463 338 2537 pretatione
361 2464 497 2522 redamus
520 2465 573 2535 (da
584 2465 713 2523 Hesiodo
729 2465 765 2523 el.
783 2481 862 2522 nunc
874 2464 1010 2522 Heraclia
1023 2479 1070 2538 ap.
1082 2465 1333 2540 Pseudorigenem

174 2565 236 2624 sive
257 2573 290 2624 at
304 2566 407 2623 volunt
421 2565 610 2640 Hippolytum
624 2565 846 2639 Philosophum.
862 2583 891 2640 p.
905 2562 993 2638 282).
1027 2565 1247 2640 Philosophiam
1262 2581 1332 2626 vero

174 2667 395 2741 Pythagoricam
418 2666 480 2725 sive
503 2683 694 2726 numerorum
710 2676 859 2741 tamquam
875 2667 1077 2742 symbolorum
1094 2667 1256 2726 doctrinam
1272 2669 1334 2726 dia-

176 2769 305 2826 lecticam
327 2769 442 2842 primus
465 2768 534 2828 lecit
555 2777 584 2827 et
606 2769 690 2842 quasi
713 2767 1095 2842 5555511155555151515155,
1120 2769 1254 2842 quamvis
1269 2768 1333 2842 ipse

178 2868 242 2926 aliis
263 2869 336 2928 locis
359 2869 435 2928 inter
456 2870 605 2944 physicos,
628 2885 688 2929 non
711 2870 788 2929 inter
810 2869 979 2928 dialecticos
1000 2868 1109 2928 diserta
1123 2875 1214 2942 ponat
1228 2869 1333 2943 Pytha-

176 2983 291 3042 goreos.
339 2972 499 3031 Transtulit
526 2972 603 3030 enim
630 2970 847 3030 Platonicorum
880 2969 1097 3044 philosophiam
1122 2969 1334 3028 arithmeticam

177 3073 205 3129 in
228 3073 520 3147 ipsosPythagoraos
541 3081 690 3146 tamquam
714 3071 770 3129 sah
792 3087 983 3130 numerorum
1005 3087 1163 3145 rarumque
1175 3073 1336 3130 mathema·

175 3173 297 3234 ticarum
321 3174 590 3249 comparationibus
616 3172 764 3247 religiosis
791 3173 956 3245 latentcm‚.
971 3190 1024 3247 per
1046 3188 1164 3232 omnem
1190 3173 1249 3232 illis
1271 3173 1336 3234 lita·

177 3289 274 3334 rarum
297 3277 490 3334 humanarum
506 3261 679 3334 memoriam
694 3273 871 3346 vigentibus,
895 3275 949 3332 sed
963 3291 1024 3334 non
1039 3283 1071 3334 ut
1086 3275 1162 3348 apud
1174 3275 1335 3335 lordonum

176 3375 307 3434 Brunum
336 3376 366 3434 in
394 3379 448 3434 hac
474 3393 573 3435 rerum
600 3390 851 3448 numerorumque
877 3375 976 3449 inepta
1003 3377 1221 3451 comparatione
1248 3378 1335 3452 plane

86 3469 88 3472 ’
177 3476 402 3552 Pythagoricum
430 3479 518 3537 511551
545 3479 623 3552 apud
646 3478 774 3538 Graecos
801 3477 867 3534 illos
894 3492 961 3534 cnm
985 3477 1138 3536 dialectica
1158 3479 1334 3537 coniunctis.

178 3577 241 3636 lton
273 3579 354 3638 enim
388 3580 524 3638 dicebant
556 3579 730 3652 Pythagorei
763 3580 799 3636 de
832 3595 1022 3637 numerorum
1055 3587 1204 3652 tamqnam
1237 3595 1336 3639 rerum

178 3679 331 3755 principiis
357 3681 410 3739 sed
437 3681 590 3738 derebus
616 3681 749 3740 numeris
776 3680 901 3754 singulis
927 3696 983 3754 pro
1004 3695 1194 3739 numerorum
1218 3680 1335 3740 diverso

179 3795 286 3854 genere
311 3780 471 3840 similibus.
520 3781 726 3840 arithmeticae
758 3795 829 3840 vcro
856 3781 1076 3857 philosophiae,
1110 3797 1187 3856 quoe
1220 3782 1245 3839 si
1272 3782 1336 3856 ipsa

178 3882 428 3957 Pythagoreorum
450 3881 564 3954 inisset,
588 3883 613 3941 51
635 3899 723 3957 55555
747 3882 864 3956 seriptis
886 3884 992 3942 tradita
1014 3882 1128 3956 luisset,
1151 3891 1230 3942 ccrte
1249 3885 1336 3956 longa

179 3983 429 4057 Pythagoreorum
452 3984 530 4043 seria
552 4000 568 4042 a
590 3985 739 4044 veteribus
763 3985 911 4043 nominata
934 3985 1060 4044 divorsis
1082 3985 1179 4044 modis
1195 3983 1336 4056 explicata

180 4086 319 4159 55515555
346 4088 460 4144 exculta
487 4085 592 4143 luisset
618 4101 673 4144 nec
700 4088 825 4144 eandem
852 4087 984 4160 exeeptis
1011 4087 1100 4144 rehus
1123 4084 1254 4159 physicis
1276 4084 1338 4144 sin-

180 4186 331 4259 gularibus
359 4189 521 4246 doctrinam
548 4187 731 4260 eandemque
756 4187 884 4246 maxime
912 4189 1086 4246 sententiam
1109 4185 1335 4259 metaphysicam

182 4287 320 4346 omnihus
342 4287 532 4363 Pythagoreis
554 4289 684 4348 trihnara
698 4290 845 4362 potuisset
859 4289 1031 4348 Aristotcles
1046 4287 1186 4361 (Helleni,
1200 4285 1336 4348 99101..

182 4388 256 4460 104,
279 4389 417 4463 idemque
439 4405 485 4464 ap.
509 4391 599 4463 Pauly
621 4389 831 4463 Haal-anycl.
855 4391 900 4462 Vl,
922 4407 950 4463 p.
966 4387 1045 4461 324)
1072 4419 1113 4432 --
1141 4389 1337 4448 arithmeticae

1097 4489 1137 4546 „t
