3024 5162
794 322 855 384 176

251 498 445 578 6666666661
468 513 535 571 pars
559 498 617 572 agit
639 496 677 554 ite
699 501 731 552 ut
753 509 813 552 non
834 495 930 553 solum
951 493 1107 552 coniuncto
1122 491 1220 564 titulo,
1248 489 1304 548 uhi
1321 495 1414 546 tamen

254 600 320 663 lihri
342 593 419 682 περὶ
440 596 566 682 τροφῆς
587 596 727 672 deperditi
751 595 806 654 soli
830 595 1036 670 respiciuntur,
1059 583 1417 672 61166166τάττερὶτῆν

253 697 379 789 γένεσιν
401 695 456 764 καὶ
476 689 603 784 τροφὴν
627 699 673 774 (61.
691 694 823 758 65068.
840 695 912 768 674,
929 697 979 758 20.
996 693 1153 773 678619)
1177 697 1235 756 666
1261 696 1312 754 vel
1341 709 1417 752 com·

255 808 337 866 muni
353 787 424 877 668,
442 802 474 863 7:
500 795 533 863 έν
553 799 623 874 τοῖς
646 793 723 883 περὶ
745 791 903 882 γενέσεως
926 788 1039 880 λόγοις
1055 795 1103 874 (61.
1121 800 1157 858 66
1169 813 1270 858 66666
1284 795 1362 866 442,
1374 793 1417 872 3);

256 925 330 986 6666
352 915 450 966 tamen
473 919 561 964 sunm
582 911 650 978 post
670 904 762 963 libros
784 904 821 960 66
843 901 1030 976 generatione
1056 901 1187 975 quinque
1210 905 1358 959 servatos
1379 896 1417 972 (in

254 1003 364 1086 quihus
390 1008 464 1082 ipsis
494 1023 529 1064 ea
557 1005 699 1064 contineri
727 1005 800 1064 falso
823 1004 917 1064 voluit
935 1004 1065 1062 Nuunes.
1090 1005 1128 1062 de
1150 1005 1229 1062 stud.
1257 1003 1313 1076 ph.
1337 999 1419 1076 600

256 1129 323 1172 cum
345 1111 508 1182 Philopono
537 1117 565 1166 et
587 1107 736 1180 Simplicio
763 1107 800 1164 66
829 1105 915 1164 Arist.
939 1107 975 1164 de
997 1122 1044 1164 66.
1061 1105 1127 1179 2,4
1146 1103 1236 1180 extr.)
1267 1103 1417 1178 proprium

258 1212 308 1292 (66
330 1228 377 1272 66.
394 1210 470 1288 2,,4.
494 1212 530 1269 66
552 1216 624 1283 part.
642 1205 801 1285 653613)
829 1207 992 1266 certissime
1019 1209 1115 1266 locum
1136 1213 1242 1273 tenent
1273 1205 1328 1280 (de
1350 1209 1417 1278 part

257 1316 287 1389 2,
304 1316 333 1374 4.
349 1313 436 1376 7406
452 1310 491 1371 11
515 1311 565 1369 661
599 1311 635 1368 66
663 1311 843 1368 incremento
876 1310 1075 1384 plantarum
1105 1316 1134 1368 ct
1158 1307 1343 1368 6666611616
1369 1307 1416 1364 ita:

260 1412 339 1496 περὶ
361 1399 406 1478 ὧν
426 1406 562 1496 ὕστερον
578 1405 708 1474 λεκτέον
720 1404 803 1472 κατὰ
819 1405 898 1485 τοὺς
915 1403 1056 1485 οἰκείους
1071 1407 1136 1472 τῶν
1148 1399 1261 1492 λέγων
1274 1395 1417 1490 καιρούς.

261 1518 296 1576 cl.
321 1518 358 1574 66
375 1533 439 1588 gen.
457 1531 503 1573 66.
520 1511 550 1587 5,
567 1514 595 1572 4.
614 1511 736 1574 78462
758 1503 894 1595 ὕστερον
915 1507 1046 1576 λεκτέον
1068 1506 1102 1574 ἐν
1122 1511 1193 1586 τοῖς
1215 1504 1302 1592 περὶ
1326 1497 1417 1589 αὐξή-

261 1635 346 1689 σεως
367 1609 424 1676 καὶ
443 1614 579 1700 τροφῆς.
604 1613 891 1688 nottestane.
914 1617 1013 1676 Prantl
1035 1634 1063 1690 p.
1080 1612 1217 1676 43-45.
1245 1615 1319 1674 6166
1347 1619 1417 1670 certa

261 1718 403 1794 temporis
424 1723 502 1776 nota.
515 1716 613 1790 itaque
634 1726 667 1776 ut
688 1718 760 1776 nihil
783 1718 852 1776 inde
873 1719 982 1778 cilicias
1005 1719 1130 1778 citantur
1151 1719 1275 1776 lleteor.
1288 1717 1322 1790 4,
1335 1712 1364 1775 3.
1385 1715 1416 1772 66

262 1815 399 1882 6616663
421 1817 471 1877 661
495 1806 715 1900 ἀναληπτέον
738 1821 809 1879 11166
829 1836 935 1894 urgeas
953 1821 1073 1878 minime
1085 1835 1208 1878 necasse
1221 1821 1295 1895 est).
1328 1817 1415 1886 Quum

261 1939 331 1982 vero
353 1937 370 1980 6
392 1919 570 1980 nutrimento
593 1921 669 1978 male
692 1923 765 1980 lacto
789 1929 818 1980 et
839 1929 975 1996 corrupto
999 1929 1027 1982 et
1048 1937 1151 1996 perum
1174 1928 1262 1980 cocto
1286 1921 1415 1990 malaque

263 2032 389 2099 quotuor
410 2036 497 2096 vquac
530 2029 600 2079 sunt
633 2023 764 2095 corporis
789 2023 889 2097 (4666
904 2023 958 2101 20)
993 2023 1165 2097 qualitatum
1198 2023 1413 2092 humorumque

263 2123 346 2202 (sunt
368 2123 446 2196 enirn
467 2120 594 2203 τροφῆς
617 2113 858 2202 περιττώματα.
887 2125 984 2198 666116
1007 2124 1090 2184 aliter
1103 2124 1183 2184 Plato
1194 2125 1269 2182 Tim.
1282 2117 1413 2184 82-86.

264 2227 336 2284 Tim.
360 2225 443 2282 Locr.
461 2221 524 2282 102
555 2217 679 2306 τροπαὶ
706 2217 847 2301 αἵματος
874 2215 895 2309 ἢ
922 2220 1043 2309 σαρκὸς
1067 2217 1298 2300 τακεδόνεςε
1335 2235 1412 2298 6666

265 2327 384 2403 quidem
407 2313 555 2404 ξύντηξιν
577 2323 607 2381 16
629 2325 713 2392 lihris
736 2328 871 2402 Hippocr.
895 2329 1006 2402 passim
1028 2335 1217 2412 memoratam
1239 2328 1339 2388 reiicit
1359 2322 1413 2383 dri·

265 2425 398 2506 stoteles)
422 2433 626 2500 generatorum
649 2429 762 2488 ratione
786 2428 886 2508 (dehet
907 2430 986 2489 enim
1009 2445 1075 2489 6666
1097 2420 1285 2515 σύμμετρος
1307 2424 1412 2512 κρᾶσις

266 2532 301 2591 61.
316 2527 398 2591 6526
411 2526 461 2589 35.
474 2525 547 2601 457,
560 2527 603 2608 1)
615 2530 815 2590 accidentibus
828 2532 925 2591 causis
937 2532 1065 2592 externis
1076 2534 1157 2592 velut
1167 2549 1244 2606 aere,
1262 2533 1411 2608 gignentur

266 2632 362 2691 morhi
385 2627 629 2707 (1666111623
654 2624 734 2715 χολῆ
766 2626 899 2714 φλέγμα
925 2627 959 2695 ἐν
982 2621 1073 2715 61ςὴ
1096 2623 1206 2716 ὑγίεια
1232 2636 1270 2694 61.
1294 2629 1408 2712 6161666

266 2731 392 2806 7,416.
427 2734 463 2792 66
486 2749 552 2808 gen.
574 2729 603 2802 1.,
620 2729 670 2792 18.
693 2731 764 2806 725,
781 2733 831 2793 tt.
867 2737 902 2794 66
924 2743 996 2809 part
1018 2737 1048 2808 4,
1065 2735 1094 2795 2.
1116 2734 1305 2812 677,5666.
1336 2721 1409 2812 χολή

266 2845 364 2896 autern
390 2835 499 2908 duplex
521 2826 628 2915 ξανθή
658 2830 851 2913 ethelhere
873 2834 1027 2900 511610.
1048 2835 1188 2912 457,31.
1221 2840 1257 2898 61.
1282 2841 1324 2898 Ρ1.
1346 2835 1408 2893 Tim.

265 2936 316 2999 83.
332 2935 398 3013 85),
422 2953 509 3010 quem
532 2937 655 2994 candem
679 2937 839 2998 doctrinam
861 2948 976 3014 praeter
997 2941 1217 3014 Hippocraticos
1244 2939 1295 3017 (61.
1316 2933 1409 2998 maxi

267 3041 304 3100 66
326 3039 419 3098 morh.
442 3055 471 3112 p.
488 3035 560 3098 167.
584 3039 620 3095 lV
642 3039 678 3096 66
701 3041 792 3098 morh.
815 3059 844 3116 6.
861 3039 932 3102 324.
962 3043 1061 3102 Galen.
1081 3040 1190 3115 2,165
1207 3061 1251 3118 66.
1289 3050 1408 3102 ceterum

267 3144 303 3202 66
325 3140 504 3200 theoderum
526 3139 704 3198 modicarum
727 3158 802 3214 quac
824 3144 1007 3218 66661666.
1036 3144 1225 3205 inveniuntur
1251 3146 1282 3204 in
1310 3147 1362 3203 666
1382 3153 1408 3196 rt

266 3242 429 3302 differentia
462 3241 533 3300 satis
566 3241 766 3314 imprudenter
792 3243 956 3304 iudicarunt
981 3245 1056 3305 hink
1083 3254 1112 3306 et
1133 3248 1286 3320 Peterson,
1320 3243 1407 3321 paullo

266 3344 375 3403 rectius
396 3341 487 3402 Littre
511 3343 546 3401 cf.
569 3342 653 3417 Hipp.
678 3350 697 3400 t.
710 3345 734 3402 ll
755 3343 828 3418 6661.
851 3363 879 3420 6.
897 3346 950 3422 22)
984 3356 1012 3406 et
1041 3349 1191 3408 Platonem
1224 3348 1406 3425 philosophos

267 3446 441 3520 exposuisse
465 3445 592 3504 6616666
616 3445 684 3505 dicit
705 3447 848 3521 plurimos
871 3456 900 3507 et
911 3448 1118 3526 Peripateticos
1130 3461 1160 3511 ct
1174 3453 1291 3514 Stoicos
1306 3450 1406 3512 Aristo·

266 3549 353 3608 telem
385 3549 616 3623 Theophrastum
648 3549 813 3608 Eudemum
845 3553 995 3624 Zenonem
1024 3551 1193 3613 Cleanthem
1221 3555 1404 3630 Chrysippum

266 3649 339 3709 alios
373 3646 422 3728 (61.
447 3651 507 3710 Gal.
531 3650 595 3707 adv.
617 3648 824 3724 161166.18,1
847 3669 875 3726 6.
888 3649 1007 3726 25866.
1027 3651 1100 3712 264.
1113 3653 1198 3734 269),
1233 3657 1330 3731 16666
1348 3653 1406 3727 post

256 3752 357 3826 libros
384 3753 421 3810 66
448 3750 626 3810 nutrimento
662 3753 829 3813 necessario
862 3753 1116 3827 agendumlluerit
1142 3759 1178 3816 de
1201 3759 1315 3818 caussis
1336 3766 1405 3814 mor

266 3855 386 3926 horum,
420 3853 450 3911 id
476 3854 556 3926 quod
587 3853 652 3927 ipse
684 3870 785 3914 revera
811 3855 851 3913 ita
877 3855 1003 3916 instituit
1028 3857 1095 3916 hist
1119 3847 1405 3933 66166818-21,

266 3955 332 4015 ideo
356 3955 527 4014 Aristoteles
550 3970 625 4028 6666
647 3957 684 4015 66
705 3958 808 4016 morbo
831 3965 860 4016 ct
882 3959 1004 4018 sanitate
1031 3959 1153 4034 physico
1181 3977 1300 4035 666666
1320 3957 1405 4035 philu-

267 4058 360 4132 sopho
384 4057 515 4116 docenda
542 4072 608 4134 csse
636 4058 779 4116 intellexit
805 4057 855 4135 (66
878 4075 957 4119 6666.
971 4058 1127 4133 1,1.436,
1141 4059 1181 4122 17
1204 4055 1403 4137 66166661·

266 4157 295 4216 1.
312 4154 463 4219 465632.
487 4160 524 4219 66
546 4160 595 4218 vit
607 4157 694 4220 4806
707 4159 771 4237 22),
800 4160 920 4222 minime
942 4169 1038 4222 161666
1060 4169 1140 4223 recte
1162 4173 1231 4238 post
1253 4165 1341 4222 Parra
1361 4169 1404 4218 ut·

266 4259 367 4319 toralia
391 4261 488 4319 statim
510 4262 683 4336 proterenda
707 4261 889 4337 significasse
911 4265 1036 4324 sumitur
1058 4262 1270 4341 (Prantlp.96.
1287 4254 1402 4338 Spengel

265 4359 381 4442 6166)
404 4363 433 4421 16
457 4365 535 4437 6666
558 4364 621 4437 1666
644 4364 761 4422 disertis
784 4365 880 4423 verhis
903 4363 1403 4440 666661146768,6616166666
