3036 5164
677 357 738 421 163

122 523 285 588 soldanus
305 525 427 588 Knlselue
450 534 478 586 et
502 527 601 590 llonitz
625 525 779 601 (ctdooo
793 529 829 592 8:
852 525 909 592 καὶ
921 529 995 606 ’πῶς
1005 527 1136 596 stactae
1147 535 1280 617 πρῶτον

122 621 239 688 aaronis
259 625 327 686 i-e.
352 643 411 688 seo.
434 627 501 686 Met.
518 625 569 701 11,
584 627 619 690 62
652 630 738 696 κινεῖ
768 626 806 696 δὲ
831 615 908 696 ὦδε*
941 627 980 698 τὸ
1004 623 1137 717 ὀρεκτὸν
1157 633 1215 701 καὶ
1238 633 1279 704 dd

122 719 244 808 νοητὸν
269 727 354 792 notui
379 718 420 792 οὐ
439 719 648 808 κινούμενον,
676 734 711 792 ol.
735 735 879 808 Theophr.
903 736 969 798 Met
991 749 1020 810 p.
1036 733 1099 798 306
1111 753 1171 812 αα,
1204 747 1281 814 quoe

122 829 221 892 obiter
244 839 356 893 tautum
377 839 538 906 tanguntur
559 834 645 908 Phys.
662 832 692 907 8,
708 835 729 894 2
744 837 843 908 extu),
877 839 1049 910 praesertim
1072 855 1163 914 quum
1191 841 1279 906 llatae

121 933 246 1008 engone
267 933 390 1009 intelligi
412 935 512 995 iubeut
533 935 630 996 omnis
652 936 700 996 illa
715 939 761 996 'de
781 945 863 1000 motu
885 941 988 1000 mundi
1010 949 1039 1001 et
1053 945 1280 1008 motu'animeli'e

121 1036 303 1109 comparatio
326 1037 366 1108 (e.
383 1036 477 1108 2-4,
500 1037 530 1096 in
554 1053 610 1111 qua
633 1038 804 1112 expuendo
819 1041 923 1102 eodem
939 1051 1041 1105 ructor
1053 1046 1094 1104 (10
1104 1045 1175 1104 Jove
1189 1059 1278 1108 versu

121 1137 289 1210 Homerico,
312 1138 347 1196 ul.
366 1135 593 1213 ‘ll.8‚18sqq.4
620 1140 714 1198 utitur
741 1155 801 1214 quo
823 1142 967 1216 llteopln.
980 1145 1056 1207 Met.
1081 1161 1105 1204 ι.
1122 1145 1157 1219 2)
1169 1145 1278 1220 paullo

121 1253 179 1313 pro
204 1255 236 1300 re
268 1239 420 1314 proposita
452 1241 569 1315 longior
595 1250 624 1302 et
648 1243 877 1316 monographise
908 1244 1002 1319 magis
1035 1259 1170 1320 oongruo
1189 1265 1278 1323 quam

122 1341 199 1400 liltro
221 1357 344 1416 operum
366 1341 556 1419 physicorum
578 1345 662 1416 parti.
707 1344 783 1413 Quid
805 1347 886 1419 quood
900 1345 1277 1413 hioliberlereestantum

119 1444 152 1502 iu
168 1455 269 1502 >unum
291 1442 379 1504 linem
401 1449 501 1506 coactu
522 1445 644 1506 ebenus
667 1433 821 1519 exequitur
840 1461 917 1520 qtlee
939 1447 970 1508 in
992 1449 1074 1511 lionis
1095 1453 1278 1526 puystenaet

119 1545 333 1622 physiologicis
366 1545 431 1606 aliis
459 1547 615 1608 traduntur
648 1546 790 1620 (edantur
810 1548 890 1608 enim
912 1550 1036 1626 Physies
1057 1567 1082 1610 o.
1098 1549 1133 1622 ts
1150 1541 1219 1612 nort
1239 1555 1277 1614 do

122 1649 214 1708 Coelo
236 1663 260 1706 e.
276 1647 307 1720 4,
335 1647 371 1706 de
395 1645 499 1708 Anima
523 1663 548 1706 o.
566 1645 595 1706 6.
625 1649 661 1709 of.
682 1663 707 1708 e.
729 1646 770 1709 10
792 1650 811 1707 l.
840 1651 877 1708 de
899 1652 982 1725 part
995 1655 1068 1722 ant*
1091 1653 1277 1730 meximeque

121 1766 198 1824 quae
220 1750 251 1810 in
273 1749 348 1808 duro
376 1750 412 1808 de
438 1749 535 1808 uolnus
561 1747 646 1808 tertio
671 1747 717 1822 (3,
733 1748 848 1811 9-10,
865 1751 901 1810 el.
918 1750 953 1822 7)
962 1761 974 1783 ·’
985 1751 1022 1811 de
1056 1765 1144 1812 eausa
1177 1765 1276 1822 motus

122 1852 255 1912 aemulis
276 1851 317 1912 itu
339 1857 526 1924 exponuntur
547 1857 580 1908 ut
602 1839 620 1912 ὁ
644 1841 799 1914 καθόλου
821 1841 919 1930 λόγος
940 1851 976 1910 de
999 1852 1053 1910 luno
1075 1867 1107 1912 re
1129 1871 1182 1928 pro
1204 1864 1276 1916 ron*-

124 1953 191 2012 silio
217 1954 357 2013 librorum
390 1954 426 2012 de
453 1952 550 2012 anime
581 1968 636 2026 pen
662 1969 695 2012 se
722 1959 848 2026 spectata
862 1952 905 2012 1ο
933 1951 1103 2013 universum
1126 1958 1275 2030 agentium

122 2055 277 2116 manifesto
304 2056 341 2114 sit
363 2054 517 2114 absolutus
539 2049 852 2142 (11·’431111”14)
886 2067 941 2114 nee
974 2045 1053 2134 περὶ
1077 2052 1136 2136 τῆς
1161 2054 1275 2140 κοινῆς

119 2150 233 2234 αἰτίας
264 2155 321 2220 τοῦ
352 2155 522 2218 κινεῖσθαι
543 2156 582 2214 sit
607 2155 851 2228 redintegrandus
883 2168 996 2216 serino:
1030 2169 1065 2214 ua
1092 2155 1171 2215 enirn
1198 2173 1273 2231 quae

118 2268 232 2322 restent
253 2275 386 2336 quaeque
408 2259 455 2320 llio
488 2246 534 2330 ὡς
560 2249 594 2318 ἐν
616 2245 791 2338 κεφαλαίῳ
825 2255 962 2316 dicuutur
983 2252 1086 2328 (1336
1102 2255 1153 2316 21.
1176 2259 1273 2319 etde

118 2371 202 2424 lnotu
216 2361 246 2426 8.
263 2363 336 2434 702,
352 2360 409 2434 21)
432 2377 492 2424 non
514 2359 581 2422 libri
604 2360 641 2419 de
662 2365 744 2418 motu
768 2358 956 2418 fundamento
980 2363 1049 2416 sunt
1071 2358 1123 2430 (el.
1147 2359 1275 2420 Trende

118 2469 246 2540 lennurg
268 2465 380 2526 (ionum.
404 2463 422 2522 l.
447 2464 483 2522 de
505 2461 602 2520 anima
623 2477 650 2534 p.
669 2457 746 2532 535)
769 2459 821 2516 sed
845 2458 927 2516 liniis
950 2459 986 2518 de
1009 2457 1272 2532 animalibus·(i.·e.

116 2571 137 2628 l.
162 2570 198 2628 de
220 2569 342 2628 incessu
364 2564 468 2637 anim.)
501 2562 651 2622 tredendo
684 2561 903 2632 relinquuntur3
936 2559 1139 2632 querentem
1166 2559 1204 2619 de
1225 2575 1272 2620 au.

117 2666 379 2745 1111436620
402 2657 437 2732 ἓν
456 2663 527 2739 τοῖς
552 2661 677 2738 κοινοῖς
702 2651 857 2738 σώματος
883 2653 939 2721 καὶ
964 2656 1076 2746 ψυχῆς
1099 2649 1209 2741 ἔργοις
1230 2661 1274 2720 dt·

117 2775 246 2834 cendum
267 2787 336 2832 esse
358 2770 397 2830 uit
419 2759 496 2851 περὶ
520 2755 621 2828 αὐτοῦ
643 2765 662 2823 i.
684 2781 710 2824 e.
735 2765 771 2824 de
793 2771 891 2822 motus
914 2774 1033 2836 organo,
1057 2760 1119 2820 seil.
1136 2763 1173 2820 de
1185 2763 1274 2821 eorde

116 2883 147 2936 et
176 2873 317 2936 morendi
335 2879 364 2932 et
391 2868 536 2932 sentiendi
570 2866 722 2941 ponendo,
758 2865 788 2923 id
814 2869 926 2939 spectet
951 2863 1043 2922 libros
1071 2862 1109 2922 de
1130 2877 1222 2922 sensu
1245 2870 1274 2922 et

117 2993 224 3038 somno
249 2983 278 3036 et
304 2974 354 3048 qui
377 2952 551 3046 sequuntur
571 2970 624 3042 (de
647 2982 751 3029 somno
772 2983 799 3025 o.
815 2966 845 3038 2,
872 2965 923 3024 ubi
948 2979 1053 3024 rursus
1076 2965 1094 3022 l.
1119 2965 1155 3023 de
1177 2963 1275 3026 enimn

116 3079 284 3153 respicitur.
308 3078 343 3136 el.
368 3077 404 3136 de
427 3089 514 3134 mem.
532 3069 560 3130 1.
586 3073 622 3132 de
644 3069 702 3130 rita
725 3077 754 3131 et
774 3064 923 3128 m.1-·-3.
948 3069 986 3126 de
1005 3073 1079 3140 pan.
1095 3081 1141 3124 sn.
1154 3065 1184 3137 2,
1198 3063 1223 3151 1
1244 3073 1274 3124 et

117 3183 217 3256 ipstuu
239 3181 346 3241 librum
370 3179 406 3238 de
428 3182 510 3235 motu
533 3172 589 3246 11)
616 3187 676 3234 non
699 3185 768 3232 voro
791 3170 899 3230 librum
920 3171 958 3229 de
980 3176 1063 3230 motu
1086 3167 1273 3242 singularem.

116 3285 278 3356 Propterea
310 3295 388 3341 unus
417 3277 464 3338 hie
491 3277 566 3336 liber
593 3281 639 3334 est
661 3273 708 3332 eni
730 3271 807 3332 inter
828 3271 993 3332 Aristotelis
1014 3268 1154 3344 physicos
1177 3269 1275 3328 locum

116 3401 209 3446 suunt
231 3383 385 3456 assignare
417 3381 505 3454 plana
538 3377 677 3451 desperes
710 3389 809 3448 neque
835 3371 1029 3432 intentiores
1055 3369 1275 3446 physiologleos

116 3487 244 3563 (post-l.
269 3486 305 3543 de
328 3491 401 3558 pon.
426 3490 455 3542 ot
475 3496 543 3555 gen.
567 3479 630 3550 en.)
664 3477 712 3537 ille
746 3474 935 3534 collocandus
968 3472 1055 3531 siouti
1070 3473 1276 3530 ¹decreuerunt

115 3589 219 3650 Prautl
251 3589 304 3660 (de
330 3585 377 3645 Ar.
405 3585 470 3644 liltr.
500 3582 537 3642 od
562 3580 630 3642 hist.
658 3593 706 3638 sn.
734 3577 839 3652 pertin.
867 3575 980 3646 ordine,
1007 3571 1150 3632 Monuohil
1179 3568 1273 3632 tete.

115 3709 147 3768 p.
165 3687 216 3750 45.
239 3690 275 3748 al.
292 3685 342 3748 16.
359 3684 416 3760 36)
439 3693 468 3745 et
490 3681 618 3758 Spengel
651 3680 741 3752 (liber
762 3678 810 3738 dle
832 3677 954 3736 reihand.
978 3676 1032 3734 der
1045 3679 1176 3734 ‘nutum
1197 3675 1274 3737 solor.

116 3797 148 3854 d.
173 3794 220 3852 Ar.
256 3791 290 3850 io¹
320 3803 387 3862 opp.
415 3787 496 3848 tend.
525 3787 601 3847 llon.
626 3779 711 3842 1818
731 3797 760 3855 p.
778 3777 849 3840 167.
880 3780 915 3838 ol.
939 3780 976 3838 de
999 3793 1065 3852 gen.
1089 3792 1136 3835 an.
1156 3774 1187 3850 1,
1209 3773 1274 3837 15

117 3886 436 3961 eruderantes.)
460 3918 501 3931 --
523 3885 718 3946 universalior
738 3883 817 3942 enim
840 3891 886 3941 est
908 3881 1041 3955 quaestio
1064 3887 1093 3938 et
1114 3877 1276 3940 adnuimus

116 3996 220 4074 potius
243 3995 295 4068 (ol.
319 3991 405 4050 etiam
429 3991 465 4052 de
487 3997 569 4052 motu
592 3986 648 4060 11)
678 4001 765 4060 quem
787 3985 823 4042 od
846 3983 1014 4042 animalium
1036 3980 1188 4040 historiam
1208 3983 1276 4053 per·

117 4101 225 4160 tinens·
241 4129 283 4147 ψ
309 4088 411 4167 neque
432 4098 504 4165 post
527 4090 635 4150 librum
662 4087 699 4146 de
725 4084 865 4146 memorio
893 4091 923 4143 et
944 4097 1048 4144 somno
1081 4082 1161 4154 quod
1183 4079 1278 4155 ipsius

116 4197 185 4262 vuit
207 4197 338 4260 clausola
360 4193 459 4267 (ouius
481 4191 681 4253 auctoritatem
704 4193 824 4249 serulus
846 4193 892 4246 est
908 4186 938 4244 is
961 4183 1011 4260 qui
1033 4183 1108 4243 libro
1123 4182 1277 4244 desomno

119 4301 286 4364 uleusulurn
312 4297 398 4358 islant
421 4325 462 4341 ω-
480 4279 536 4352 'oui
563 4293 621 4353 ianr
643 4290 788 4365 Ephesius
815 4289 903 4348 fidem
931 4285 1032 4346 habuit
1054 4283 1121 4344 Sela.
1144 4283 1175 4342 in
1198 4285 1217 4341 l.
1241 4281 1277 4340 de

118 4406 205 4464 mutu
237 4415 283 4458 nn.
312 4399 330 4458 l.
353 4395 415 4459 tte
450 4403 478 4454 et
510 4406 607 4467 nuper
637 4395 723 4462 etium
758 4390 808 4464 qui
825 4391 879 4447 'da
911 4387 1038 4460 epnosto
1071 4393 1147 4444 errat
1181 4383 1276 4442 Bartlt.

1016 4485 1079 4544 11*
