3036 5164
683 351 745 414 127

132 515 233 598 (μετὰ
255 519 362 584 τοῦτο
384 555 424 564 -
445 514 542 596 τέλος
563 517 601 584 δὲ
622 523 653 595 4,
670 524 699 582 2.
717 523 824 584 12891)
840 523 890 584 20.
907 525 963 597 22)
991 531 1078 598 putet
1117 525 1288 586 Aristotcles

131 630 232 682 eutem
255 639 291 682 eo
314 641 432 698 qaroque
461 632 577 683 sextum
600 641 616 682 a
639 625 741 698 quinto
770 634 799 683 et
824 633 927 698 quarm
955 633 1121 699 separatum
1145 627 1289 702 significat

132 725 216 798 quod
237 728 343 791 horum
366 725 648 801 argumentationem
671 726 740 785 dicit
761 720 820 810 τὴν
840 721 993 803 μέθοδον
1013 719 1073 810 τήν
1087 723 1154 810 πρὸ
1168 721 1289 812 ταύτης

131 824 239 888 13171)
251 825 293 888 34
316 837 454 902 spectans
476 829 513 886 ad
535 829 553 886 1.
575 825 834 901 4,15.1300,1,
869 829 908 887 ita
941 836 974 886 ut
1000 830 1055 902 ipsi
1082 838 1151 902 post
1176 831 1287 905 primos

130 929 210 987 duos
232 928 457 989 introductionis
487 929 579 988 libros
604 929 722 1004 politice
750 930 880 989 doctrina
908 937 1034 1003 quatuor
1060 932 1145 1004 quasi
1172 941 1288 994 constet

129 1029 280 1088 methodis
313 1031 375 1090 sive
408 1029 540 1105 partibus
569 1047 692 1104 quarum
719 1019 739 1112 ἡ
766 1021 881 1114 πρώτη
912 1031 1009 1103 (11.4,
1026 1031 1054 1089 2.
1072 1029 1165 1106 1289,
1182 1033 1223 1094 26
1252 1029 1287 1097 ἒν

128 1129 174 1213 τῇ
201 1121 317 1216 πρώτῃ
350 1122 491 1213 μεθόδῳ
523 1124 601 1212 περὶ
632 1128 697 1192 τών
727 1127 908 1193 πολιτειῶν
928 1151 964 1182 ·-·-·
983 1123 1019 1192 ἓν
1044 1132 1114 1207 τοῖς
1138 1126 1287 1215 πρώτοις

130 1223 247 1314 λόγοις
268 1235 298 1306 4,
315 1233 344 1295 7.
364 1231 447 1294 1293
467 1233 511 1292 112
534 1241 563 1291 et
584 1235 614 1304 4,
631 1232 682 1296 10.
703 1233 796 1306 1295,
812 1235 849 1306 4)
882 1233 1049 1293 continetur
1081 1236 1166 1293 tertio
1199 1237 1283 1308 libro,

129 1337 261 1393 secunda
284 1343 331 1394 est
353 1335 493 1395 librorum
516 1332 626 1406 4115,
648 1336 734 1394 tertia
754 1337 821 1394 libri
845 1331 873 1408 6,
897 1343 998 1409 quana
1022 1336 1149 1410 denique
1160 1333 1285 1398 171118

129 1435 182 1508 (ci.
198 1433 293 1509 1324,
309 1437 378 1511 22).
420 1437 483 1494 lem
510 1451 579 1494 vero
602 1437 725 1496 alterum
751 1440 830 1511 quod
857 1443 925 1512 post
948 1438 1086 1496 Scainum
1109 1445 1138 1496 et
1159 1438 1284 1497 conrin-

128 1536 211 1612 glum
242 1539 296 1610 (ci.
320 1536 391 1611 pref.
415 1555 442 1612 p.
460 1535 633 1609 146-48)
666 1538 835 1598 inventores
862 1537 962 1596 multis
989 1545 1018 1596 et
1044 1538 1108 1612 ipse
1135 1541 1284 1613 explicans

127 1641 261 1699 <telendit
283 1641 437 1699 st·llilaire
460 1641 529 1698 lieet
550 1641 678 1711 speciem
703 1643 849 1713 quandam
867 1640 997 1698 veritatis
1009 1641 1114 1699 habeat
1126 1649 1285 1716 eapropter

126 1742 206 1799 tertii
229 1742 294 1800 libri
318 1743 478 1800 clausulam
499 1741 584 1800 initio
608 1741 724 1813 septimi
751 1742 781 1802 in
805 1741 878 1814 ipsis
901 1741 998 1799 verbis
1022 1752 1232 1802 consonantem
1255 1749 1284 1804 et

127 1851 249 1915 propter
274 1844 429 1902 citationes
462 1859 536 1917 quas
564 1843 651 1901 iniert
673 1841 765 1914 1289,
781 1839 908 1903 30-33
931 1849 959 1900 et
979 1840 1108 1912 12903
1142 1844 1228 1917 (pret.
1253 1859 1281 1919 p.

130 1941 329 2018 149-157),
362 1961 421 2003 non
447 1947 546 2003 minus
573 1951 669 2002 mnnen
697 1944 803 2001 ialsum
831 1950 891 2000 est:
924 1945 1120 2016 nequeenim
1143 1946 1211 2004 linis
1234 1947 1282 2004 ille

6 2091 11 2098 .
127 2045 207 2104 tertii
230 2046 294 2104 libri
317 2047 428 2120 aliquid
449 2047 555 2120 probat
575 2045 729 2103 manifeste
752 2051 918 2117 corruptus,
942 2045 980 2103 ita
1004 2053 1035 2103 ut
1051 2047 1155 2104 eodem
1171 2045 1281 2105 arbitrii

125 2153 208 2206 certe
239 2147 302 2207 iure
335 2149 423 2207 verba
457 2143 672 2206 itla1288o5
702 2145 811 2204 librarii
845 2146 998 2204 cuiusdam
1032 2147 1093 2205 aive
1123 2149 1281 2207 mumoniae

125 2249 288 2322 marginem
312 2249 465 2323 occupanti
489 2250 550 2308 sire
573 2248 767 2322 negligentiae
790 2255 819 2306 et
841 2248 933 2307 errori
956 2250 993 2307 de
1015 2248 1100 2307 tertio
1124 2248 1222 2307 statim
1243 2251 1280 2308 ad

124 2349 286 2424 septimum
319 2352 499 2411 transeuntis
526 2351 664 2410 tribueris
687 2383 729 2391 *
756 2351 813 2408 nisi
842 2352 930 2422 iorte,
963 2351 1044 2424 qnod
1071 2351 1164 2422 magis
1192 2351 1281 2408 credo

123 2453 171 2510 rel
193 2461 314 2526 propter
336 2453 408 2512 illud
430 2444 464 2515 ἐν
485 2452 555 2529 τοῖς
576 2443 724 2536 πρώτοις
746 2442 859 2532 λόγοις
873 2449 902 2525 3,
919 2449 969 2511 18.
987 2449 1080 2524 1288,
1092 2447 1134 2510 37
1146 2450 1280 2508 eiusdem

122 2553 191 2611 libri
215 2561 351 2628 spectans
374 2571 398 2613 c.
416 2556 446 2627 4,
470 2571 557 2614 omno
579 2557 664 2629 capit.
682 2553 724 2616 18
745 2557 781 2614 ab
804 2557 860 2613 hoc
881 2553 1095 2612 libroalienum
1108 2553 1159 2626 sit;
1182 2565 1279 2626 neque

120 2655 215 2713 verita
234 2656 285 2715 iila
306 2658 324 2715 1.
340 2658 371 2730 4,
387 2659 416 2731 2,
440 2674 515 2732 quae
538 2673 598 2715 non
621 2658 658 2714 ad
681 2658 837 2730 septimum
862 2663 994 2730 spectare
1027 2655 1135 2714 librum
1166 2656 1220 2713 sed
1242 2655 1279 2713 ad

120 2757 242 2816 tertium
276 2759 320 2830 (in
348 2775 407 2832 quo
436 2773 537 2817 revera
570 2759 630 2832 agit
657 2773 715 2816 una
743 2765 771 2816 et
798 2759 834 2816 de
860 2772 952 2831 regno
980 2764 1009 2814 et
1036 2758 1072 2815 de
1099 2757 1278 2814 aristocratia

121 2859 233 2932 quibus
256 2875 315 2919 una
335 2867 381 2918 est
402 2861 574 2936 hypothesis
596 2848 616 2942 ἡ
641 2849 739 2940 ἀρετή
764 2875 819 2916 nec
841 2859 897 2916 nisi
915 2859 944 2915 in
957 2872 1081 2915 numero
1094 2857 1278 2930 regnantium

121 2961 162 3017 de
190 2977 249 3034 quo
276 2961 316 3019 ibi
344 2963 494 3036 quaeritur
527 2970 555 3020 et
582 2961 610 3018 in
639 2961 809 3018 nominihus
837 2958 991 3017 diversitas
1019 2957 1054 3016 ci.
1076 2954 1105 3028 3,
1123 2955 1163 3014 14
1179 2972 1223 3031 sq.
1247 2953 1277 3028 3,

121 3059 267 3134 10-13)
290 3063 396 3121 docent
424 3071 453 3122 ct
474 3080 509 3122 ea
532 3079 607 3137 quae
628 3064 809 3137 praecedant
830 3062 953 3134 primam
975 3060 1145 3117 methodum
1169 3059 1278 3116 diserte

120 3163 300 3236 appellantia
324 3164 342 3221 i.
366 3181 392 3222 e.
412 3162 478 3236 3,7
513 3172 543 3223 οι
568 3179 643 3238 quae
676 3163 772 3223 statim
806 3161 886 3221 addit
908 3157 1002 3231 1289,
1024 3157 1065 3221 33
1098 3152 1147 3220 ἔτι
1175 3155 1212 3222 δὲ
1244 3152 1279 3220 τί

120 3259 345 3346 διαφέρουσιν
360 3272 414 3323 etc.
438 3267 473 3323 cl.
495 3263 588 3338 1286,
604 3262 646 3325 38
658 3283 722 3341 sqq.
740 3261 833 3337 1286,
850 3261 946 3336 dsqq.
971 3269 1000 3322 et
1019 3259 1048 3335 3,
1065 3263 1095 3334 7,
1124 3270 1153 3320 et
1175 3263 1276 3320 ultima

118 3359 181 3426 καὶ
203 3357 287 3428 πότε
310 3362 363 3428 δεῖ
382 3360 558 3444 βασιλείαν
581 3357 726 3444 νομίζειν
748 3367 783 3424 ο1.
800 3363 930 3436 128115
953 3371 982 3421 et
1003 3359 1034 3435 3,
1051 3361 1143 3424 teia.
1167 3363 1277 3448 adter-

117 3468 196 3526 tium
217 3469 386 3526 necessario
409 3470 571 3539 referenda,
594 3469 768 3542 praesertim
790 3483 881 3542 quom
896 3469 985 3524 altera
1001 3465 1137 3528 citatione
1149 3463 1276 3521 eundern

116 3581 260 3626 revocare
283 3584 350 3627 eum
365 3566 473 3629 12931)
489 3569 519 3641 2,
543 3569 569 3628 si
594 3569 761 3628 citationem
777 3563 870 3640 1295,
887 3565 907 3625 4
930 3563 1044 3624 tertiam
1060 3563 1275 3636 comparaveris

116 3670 241 3744 patebit
284 3670 364 3728 Alter
387 3670 514 3744 denique
536 3671 619 3728 locus
646 3672 749 3744 (ceteri
773 3671 851 3728 enim
875 3668 983 3742 quitus
1004 3681 1079 3724 usus
1102 3671 1148 3724 est
1170 3663 1272 3725 st-lltl.

117 3770 238 3830 erronei
260 3771 345 3844 sunt)
373 3770 404 3843 4,
419 3767 449 3830 3.
468 3769 599 3844 1290,2
621 3789 637 3830 a
658 3769 714 3832 1.7
736 3785 830 3845 aeque
853 3769 966 3829 alienus
990 3775 1048 3826 est:
1083 3783 1151 3825 nam
1178 3767 1217 3826 ibi
1246 3775 1275 3826 et

117 3873 161 3932 de
188 3871 245 3930 alia
277 3871 403 3945 partium
434 3874 548 3932 ratione
580 3875 676 3948 agitur
708 3871 753 3946 (7,
768 3871 847 3946 Ssq.
870 3871 906 3931 ci.
923 3871 954 3942 4,
969 3869 999 3928 4.
1016 3867 1124 3929 12901)
1139 3866 1181 3928 23
1192 3871 1274 3942 squ)

116 3985 178 4032 nec
199 3969 239 4029 ita
261 3973 297 4030 de
320 3973 451 4046 partibus
473 3991 561 4048 quam
588 3977 625 4033 de
652 3975 873 4048 operationibus
901 3972 962 4030 sive
994 3962 1103 4052 ἔργοις
1125 3953 1171 4030 oio
1195 3958 1274 4030 δίνου

116 4062 223 4145 πόλις
249 4061 307 4133 οὐκ
335 4062 761 4156 11νοί1(111328,5.15).
806 4075 978 4134 Aristoteles
1010 4081 1107 4132 autem
1140 4069 1275 4144 iutelligit

116 4190 158 4234 ea
179 4189 254 4247 quae
277 4173 475 4249 disputaverat
484 4173 515 4249 3,
528 4176 669 4242 10—12:
694 4186 763 4237 sunt
784 4177 862 4236 enim
885 4159 978 4250 ἐξιόν
989 4165 1089 4246 πόλις
1100 4164 1274 4252 σονὲοτηκι

116 4274 177 4334 trit
206 4267 386 4358 ἐλευθερία
408 4271 554 4353 πλοῦτος
579 4269 677 4362 ἀρετή
712 4275 794 4353 1113,
811 4275 861 4337 12.
878 4271 971 4349 1283,
988 4273 1029 4333 14
1051 4282 1080 4332 et
1101 4273 1175 4332 inira
1197 4275 1227 4346 4,
1242 4271 1273 4334 8.

117 4377 240 4436 Accedit
272 4380 352 4450 quod
386 4395 445 4438 non
479 4382 575 4439 solum
609 4397 684 4455 quae
711 4381 747 4440 de
770 4377 938 4437 discrimine
967 4391 1063 4433 rerum
1091 4375 1274 4447 ponticarum
