3072 5164
640 383 681 444 lt

101 541 177 600 etism
198 531 218 624 ἡ
241 539 364 626 φυσικὴ
388 540 599 629 πραγματεία
621 550 787 614 Andronico
813 558 1025 634 jamquinque
1047 559 1236 638 Physicoruib

97 650 124 701 et
151 643 240 727 tribus
273 640 352 729 περί
383 641 543 732 κινήσεως
573 649 655 711 libris
688 655 833 730 incipiens
866 655 1236 741 dimittentesque,

99 747 278 818 sequentibus
300 749 407 808 deinde
435 752 540 812 ceteris
567 756 730 814 seeundum
757 759 890 820 ordinem
917 777 953 820 ex
975 763 1048 837 ipsis
1070 765 1153 826 libris
1174 765 1237 841 ple·
1310 827 1313 832 .

96 861 210 921 rumque
231 850 427 911 certissimum
449 853 486 912 de
509 871 567 929 quo
591 855 627 914 ci.
650 855 771 916 Ptolem.
795 877 840 934 ap.
864 863 1001 922 Wenricb
1022 881 1051 939 p.
1067 859 1236 928 tlt-149

97 955 122 1005 et
140 948 211 1008 inter
230 950 341 1010 Arabes
362 983 406 996 —-
428 955 524 1014 solent
551 957 629 1015 enim
656 974 827 1032 graecorum
854 963 1044 1039 interpretum
1070 969 1236 1041 exemplum

97 1047 196 1110 Arabes
218 1054 311 1112 secuti
335 1056 371 1112 de
393 1055 535 1116 librorum
558 1059 661 1118 ordine
684 1060 833 1133 disputare
855 1065 912 1137 (ct
930 1066 1046 1126 Allindi
1068 1068 1176 1126 librum
1199 1071 1235 1128 de

96 1149 247 1212 Aristotelis
273 1155 415 1214 librorum
444 1159 546 1218 ordine
568 1161 661 1220 Casiri
677 1163 688 1219 l
702 1179 730 1236 p.
748 1159 824 1237 3533
859 1167 896 1224 de
924 1169 1064 1227 librorum
1092 1167 1235 1228 divisione

95 1267 126 1309 ex
147 1252 296 1314 Ammonio
318 1257 448 1331 disputet
470 1261 594 1320 Alierebi
617 1279 662 1336 ap.
687 1265 875 1325 Scbmblders
890 1283 918 1342 p.
935 1267 1073 1341 to-tt,
1097 1271 1132 1328 cl.
1146 1268 1235 1329 David

95 1353 468 1429 p.2d-26)‡-·Averroes
492 1361 602 1420 Corum.
626 1364 656 1421 in
679 1365 797 1423 Meteor.
821 1367 882 1426 init.
900 1370 961 1442 (ed.
984 1363 1234 1431 veneruntne.

96 1455 198 1515 Vol'Vl
212 1459 244 1518 P.
260 1459 272 1516 l
287 1477 315 1533 p.
331 1459 526 1535 son-404).
550 1465 651 1538 Neque
662 1479 732 1524 vero
747 1467 938 1542 Physieorum
953 1479 1017 1529 octo
1033 1473 1124 1531 libros
1139 1485 1235 1546 neque

95 1557 347 1636 Metapbysicorum
383 1565 604 1636 quatuordeeim
639 1567 752 1638 primus
785 1569 826 1628 ito
857 1571 1009 1631 coniunxit
1040 1571 1235 1644 Andronicus,

95 1663 165 1732 qued
186 1663 271 1722 docet
292 1663 429 1724 Nicolsus
457 1666 507 1738 qui
534 1668 570 1725 de
593 1667 857 1744 Metnpbysicorum
885 1671 988 1731 ordine
1010 1685 1069 1732 non
1092 1670 1237 1733 Androni·

94 1777 151 1820 eum
183 1765 314 1840 increpat
347 1769 401 1826 sed
434 1765 629 1827 Aristotelem.
674 1769 718 1826 Ad
741 1751 807 1828 ¹boe
830 1779 952 1830 'tanturn
985 1775 1126 1834 librorum
1158 1775 1237 1834 nune

95 1877 202 1938 quoque
228 1875 410 1927 servstomm
439 1885 546 1944 corpus
574 1868 771 1944 posteriorum
795 1887 914 1944 quoque
936 1875 973 1932 de
996 1876 1098 1934 ordine
1121 1884 1150 1934 et
1172 1893 1237 1951 pre·

94 1967 254 2038 gmetisrum
276 1977 307 2028 et
328 1971 512 2045 singulorum
533 1970 673 2028 librorum
689 1970 818 2030 rationes
834 1972 949 2032 criticae
964 1984 1104 2049 spectent.
1136 1977 1238 2038 Cetera

95 2074 168 2127 erent
192 2055 319 2131 ίίταιιτα
347 2081 375 2132 et
401 2074 440 2132 its
462 2073 632 2132 edebantur.
677 2071 778 2146 Neque
799 2081 897 2132 minen
920 2076 966 2134 vel
988 2077 1127 2152 diogenis
1149 2078 1237 2138 index

93 2170 165 2228 omni
196 2172 299 2232 ordine
332 2181 419 2232 cenet.
474 2171 667 2246 intelligimus
703 2174 781 2233 euim
818 2188 897 2234 nune
931 2190 1050 2252 quoque
1083 2181 1236 2240 consiliunt

94 2271 208 2331 subesse
241 2273 334 2334 libros
367 2275 405 2334 ite
440 2274 594 2334 ordinandi
628 2282 660 2333 ut
693 2277 869 2348 praecedent
901 2277 1042 2354 dialogice
1073 2281 1135 2340 sive
1163 2293 1238 2356 quoe

94 2375 262 2444 posteriores
285 2377 428 2436 vocabant
450 2364 626 2458 ε’ξωτερικοί
650 2378 733 2452 (opp.
758 2367 988 2460 ἆκροαματικσί
1011 2379 1046 2438 ci.
1063 2383 1154 2441 David
1170 2383 1236 2442 Scb.

94 2472 152 2534 tib
171 2473 219 2536 11.
245 2477 304 2538 Cic.
333 2477 466 2553 aliosque
494 2496 539 2553 ap.
570 2480 655 2538 Stnbr
681 2477 798 2538 Aristot.
820 2479 853 2552 ll,
869 2479 931 2541 247
945 2485 1039 2557 squ),
1078 2492 1239 2559 sequnntur

95 2576 240 2654 dialectica,
277 2579 383 2638 deinde
415 2577 537 2655 politica*
565 2580 677 2653 (ethice
698 2581 815 2654 politica
837 2583 982 2642 rhetorico
1002 2585 1143 2659 poetica),
1170 2594 1239 2660 post

94 2679 205 2754 physice
225 2689 257 2741 et
278 2682 480 2741 mathematica
503 2689 531 2741 et
552 2681 655 2741 ultimo
682 2681 809 2756 denique
834 2685 901 2742 loco
926 2685 1066 2745 historica
1088 2703 1155 2745 cum
1177 2688 1238 2761 epi·

94 2782 170 2840 stolis
190 2784 449 2842 straminibus
476 2783 615 2842 Videmus
637 2783 727 2857 igitur
747 2785 823 2841 bunc
845 2785 936 2844 luisse
960 2787 1045 2845 etium
1068 2788 1100 2845 in
1111 2789 1238 2847 editione

95 2881 240 2942 Andronici
275 2886 500 2958 pregmedsrnm
534 2885 642 2942 seriem
674 2891 706 2942 ut
731 2891 799 2957 post
824 2885 918 2959 logice
945 2901 1006 2946 uon
1034 2888 1131 2946 statim
1159 2889 1238 2961 quod

95 2985 265 3054 posteriores
295 2987 440 3046 sumsisse
466 2985 602 3044 videntur
630 2993 826 3059 sequerentur
851 2987 973 3062 physice
1000 3000 1067 3046 cum
1088 2990 1239 3063 metepbp-

96 3082 156 3144 sicis
178 3089 231 3146 sed
253 3087 350 3146 sibine
371 3085 463 3160 prius.
509 3087 586 3156 Quid
607 3103 677 3146 vero
701 3090 737 3146 de
760 3089 952 3162 Tbeopbrasti
968 3089 1095 3148 editione
1111 3099 1239 3150 statuen-

96 3187 158 3246 dum
188 3191 228 3249 sit
261 3204 341 3252 nune
375 3188 431 3246 dici
464 3189 579 3262 nequit,
615 3191 674 3249 nisi
709 3193 789 3264 quod
822 3187 935 3272 φυτῶν
962 3181 1110 3275 ἱστορίαν
1143 3191 1238 3252 statim

97 3292 288 3362 merebuntur
308 3286 446 3372 φυσικαί
468 3281 585 3351 αἰτίαι.
631 3293 721 3352 Decet
742 3301 839 3352 temen
855 3301 954 3367 aperte
969 3293 1058 3352 index
1072 3293 1239 3368 Theophra-

97 3395 216 3450 steorum
250 3393 334 3452 nullo
367 3393 455 3450 modo
483 3393 521 3451 de
547 3393 707 3452 editionum
740 3394 842 3452 ordine
868 3409 915 3460 ex.
931 3393 1077 3454 indicibus
1105 3395 1238 3454 concludi

96 3505 185 3565 posse,
208 3495 374 3552 seeundum
396 3494 541 3567 elpbobeti
563 3484 662 3555 literas
683 3497 733 3554 ille
754 3496 919 3569 procedens
941 3497 981 3552 its
1003 3504 1034 3555 ut
1055 3497 1101 3554 bis
1121 3497 1240 3570 incipiat

95 3592 225 3665 (primum
249 3596 287 3654 sb
305 3583 525 3656 Ἀναλυτικῶν
547 3613 642 3671 usque
664 3599 702 3656 ed
723 3599 742 3655 l.
766 3612 803 3655 rt.
819 3591 928 3679 ψυχῆς
942 3593 972 3667 5,
983 3595 1025 3656 46
1040 3597 1127 3669 med,
1150 3599 1239 3656 alters

96 3701 184 3754 tutem
211 3705 295 3772 purte
321 3712 338 3755 e
366 3698 386 3754 l.
422 3693 501 3780 περὶ
526 3696 591 3760 τῶν
620 3686 763 3774 ἀτέχνων
790 3687 935 3760 πίστεων
965 3711 1061 3772 usque
1088 3700 1136 3756 sd*
1153 3700 1171 3758 l.
1204 3717 1239 3760 π.

94 3786 235 3879 ψεύδους
248 3791 309 3858 καί
320 3785 474 3880 ἀληθοῦς
485 3798 515 3874 5,
530 3799 574 3862 48
585 3801 662 3874 fin),
675 3801 782 3860 deinde
792 3798 970 3873 appendices
983 3802 1125 3873 quusdsm
1140 3803 1239 3873 eddon

96 3901 218 3970 quodsi
246 3909 333 3962 tenes
360 3901 448 3960 simul
475 3905 619 3976 quaedum
645 3902 759 3961 incuria
783 3899 830 3960 bis
856 3903 979 3977 repetita
1006 3917 1073 3963 esse
1098 3905 1239 3976 reperies,

96 4008 124 4058 ut
143 3997 220 4087 τιτρί
241 3999 391 4088 φυσικῶν
411 4004 478 4062 libri
494 4003 655 4063 octodecim
667 3999 696 4077 5,
707 4001 749 4064 46
763 4004 804 4061 iu.
815 3999 1009 4086 :ccccxciv
1023 3997 1131 4078 δοξῶν
1142 4001 1171 4077 5,
1183 4001 1240 4075 A&

96 4096 167 4184 περὶ
186 4096 364 4184 βασιλείας
379 4102 408 4178 5,
424 4105 466 4165 42
488 4107 523 4165 cl.
539 4105 597 4179 493
620 4100 698 4190 περὶ
718 4097 928 4188 Δημοκρίτου
944 4103 973 4179 5,
989 4103 1029 4165 49
1053 4107 1088 4164 ci.
1104 4107 1160 4178 433
1204 4107 1239 4164 de

95 4201 170 4263 libris
192 4209 229 4266 ud
242 4207 399 4266 Democriti
415 4205 577 4266 doctrinam
592 4209 807 4282 pertinentibus
819 4208 876 4264 iem
889 4221 978 4281 supro
989 4207 1063 4280 dini3
1076 4202 1240 4280 nott—ll

96 4317 164 4376 quse
185 4309 270 4381 prius
294 4309 460 4384 singulatim
483 4319 675 4370 recensentur
686 4303 764 4392 περὶ
776 4297 868 4384 ζώων
884 4317 998 4383 septem
1010 4309 1239 4380 dissertationes,

95 4421 210 4476 querum
235 4411 367 4470 omnium
390 4419 488 4470 extent
516 4413 675 4484 fragments
701 4406 798 4491 (περὶ
819 4399 1041 4492 ἑτεροφωνίας
1062 4401 1155 4486 ζώων
1175 4411 1241 4472 τῶν
