3024 5162
665 339 727 404 223

114 511 227 559 nornen
250 515 459 566 commemorat
485 507 708 574 Constantinum
732 515 898 577 hiricanum
922 519 966 594 (p.
982 517 1033 581 20.
1049 516 1100 579 29.
1117 513 1184 591 38),
1207 516 1270 576 Ali·

113 604 252 663 stotelem
275 613 305 665 et
327 607 526 682 Philemonem
553 629 641 688 quem
668 616 738 678 dicit
763 619 999 694 antiquissimum
1023 616 1139 695 (035)
1166 625 1197 678 et
1219 619 1268 694 qui

112 705 195 766 hune
227 715 330 781 postea
364 712 456 770 secuti
490 713 549 776 sint
580 715 767 778 Polemonem
801 722 1067 795 „declamatorem”
1099 730 1129 782 ct
1155 721 1268 781 noxum

111 807 159 882 (p.
176 807 226 871 30.
243 809 316 884 06),
338 821 490 886 praeterea
511 817 662 880 Platonem
689 827 718 880 et
739 810 939 899 Pythagoram.
986 823 1118 894 Quorum
1147 823 1267 906 quidem

109 911 286 972 Aristoteles
307 915 357 974 ille
380 917 464 976 cuius
487 919 555 979 citat
576 923 851 1000 „physiognomiom
874 943 961 1001 qnam
973 926 1137 986 Alexandro
1153 925 1267 984 scribit'

108 1016 156 1088 (p.
174 1013 225 1076 66.
248 1017 284 1075 01.
302 1015 353 1078 67.
369 1015 419 1078 71.
436 1015 487 1078 ta.
504 1019 554 1082 77.
570 1022 621 1086 78.
646 1043 721 1101 qnae
742 1034 841 1088 umen
865 1045 900 1087 cx
923 1031 1028 1089 eodem
1051 1029 1119 1086 citat
1139 1045 1168 1102 0.
1180 1024 1222 1088 36
1237 1035 1266 1085 01

108 1117 203 1176 alteru
225 1132 253 1192 p.
269 1117 311 1180 77
335 1122 399 1207 loco
421 1121 531 1184 incerta
548 1130 632 1201 sunt)
656 1135 701 1188 est
715 1138 818 1188 auctor
839 1129 950 1190 secreti
974 1132 1160 1190 Secretomm
1179 1129 1264 1190 cuias

107 1233 178 1293 pars
201 1229 331 1282 extrema
353 1223 384 1282 in
406 1225 558 1286 codicibus
581 1245 669 1305 saepe
692 1232 801 1290 omissa
824 1231 971 1305 (velutin
994 1233 1058 1290 cod.
1082 1232 1178 1290 Berol.
1194 1231 1265 1290 alte·
1314 1209 1321 1224 ⁶

106 1321 171 1379 rius
193 1325 281 1383 theol.
305 1325 353 1386 lat
369 1323 411 1388 37
435 1336 490 1387 oct.
514 1329 643 1390 editione
666 1334 862 1408 abbreviata),
891 1333 1065 1407 saepissime
1086 1347 1156 1392 vero
1180 1347 1264 1408 sepa-

105 1425 192 1484 ratim
214 1424 323 1503 scripta
345 1429 502 1503 peculiaris
523 1430 617 1492 instar
639 1435 674 1492 de
696 1434 921 1512 physiognomia
942 1442 1082 1494 tractatus
1097 1435 1262 1494 Aristotelis

103 1527 151 1599 (id
174 1531 254 1602 quod
275 1531 322 1589 vel
344 1531 587 1593 bibliothecarum
610 1536 715 1596 docent
729 1539 875 1612 catalogi),
899 1537 938 1596 ita
960 1537 1129 1596 inscribitur
1150 1537 1180 1596 in
1196 1537 1260 1595 cod.

103 1630 201 1688 Berol.
219 1631 254 1706 (1.
265 1629 357 1708 356);
381 1635 444 1707 „be
466 1636 639 1710 cognicione
662 1641 833 1713 qualitatum
856 1639 1010 1698 hominum
1031 1655 1086 1712 per
1106 1638 1189 1713 signa
1201 1639 1262 1712 001-

105 1732 221 1792 ritualia
253 1749 329 1808 quae
368 1737 475 1798 dlcihrr
510 1739 698 1812 phisonomia
731 1741 916 1800 Aristotelis''
948 1741 984 1813 (i.
1005 1736 1190 1801 35b-—36b
1223 1741 1259 1800 01.

107 1835 355 1910 „Physionomia”
376 1839 407 1900 in
430 1841 475 1899 ed.
500 1841 612 1899 Bonon.
636 1840 859 1903 6176-186
882 1842 933 1901 061
956 1840 1096 1916 „explicit
1111 1842 1258 1918 Physhr.

105 1935 143 1994 06
154 1936 275 2013 Alex.”).
306 1941 399 2011 Quam
422 1943 502 2017 quod
525 1943 609 2018 quasi
633 1930 817 2018 prooemium
829 1975 871 1988 ——
883 1944 968 2002 cuius
981 1943 1058 2002 sicut
1071 1942 1178 2017 epilogi
1198 1957 1259 2001 non

105 2041 265 2102 sententias
299 2044 395 2103 solum
429 2045 481 2104 006
515 2043 579 2118 1000
610 2046 699 2105 verba
726 2046 855 2106 imitatus
884 2053 930 2104 est
956 2046 1078 2104 blichael
1101 2046 1206 2105 Scotns
1228 2044 1259 2102 in

103 2142 371 2219 „Physionomiae”
393 2145 511 2220 (00100.
535 2144 634 2222 1500)
657 2163 745 2223 quam
768 2147 1032 2208 adlridericumll
1054 2147 1124 2222 imp.
1141 2144 1260 2219 scripsit

101 2251 185 2318 parte
208 2246 290 2305 tertia
312 2248 377 2307 falsi
399 2248 563 2308 Aristotelis
586 2249 717 2324 vestigiis
740 2251 860 2309 omnino
882 2249 1090 2309 insistente*-
1106 2247 1257 2323 praecedit

101 2353 189 2422 caput
211 2349 270 2420 „de
291 2349 440 2411 intellectu
462 2359 492 2410 et
513 2351 667 2426 agnicicne
690 2365 788 2410 rerum
801 2353 1014 2410 ethominum''
1036 2350 1163 2409 fabulam
1179 2349 1257 2408 illam

99 2449 233 2534 continet
261 2452 297 2510 de
324 2454 500 2529 Hippocrate
527 2453 659 2526 sapiente
683 2460 712 2510 et
733 2452 903 2510 Philemone
930 2451 1083 2522 (scribitur
1104 2450 1258 2510 Philomon

100 2552 128 2611 in
157 2555 224 2612 cod.
252 2562 281 2613 at
307 2555 338 2613 in
366 2571 436 2614 casu
465 2557 522 2616 obl.
545 2555 724 2628 Philomeni)
756 2569 872 2612 summo
905 2555 1024 2611 doctore
1057 2557 1087 2610 et
1118 2549 1257 2626 magistro

99 2656 306 2730 phisonomiae
333 2659 543 2733 pulcerrimum
571 2660 643 2718 illud
671 2659 708 2716 de
730 2670 787 2714 usu
810 2655 880 2714 artis
902 2653 1161 2731 physiognomicae
1181 2651 1258 2712 iudi-

99 2759 179 2817 cium
201 2759 254 2832 (cf.
278 2757 385 2819 Albert
409 2760 502 2836 p.20)
525 2761 676 2832 ferentem,
700 2771 776 2832 quae
798 2763 830 2816 nt
852 2755 1083 2816 celebratissima
1104 2755 1158 2814 luit
1179 2755 1256 2830 apud

98 2860 212 2920 Arabes
234 2861 413 2938 Latinosque
436 2877 540 2922 omnes
569 2863 609 2922 ita
630 2858 844 2935 antiquissima.
889 2857 970 2916 Idem
996 2857 1073 2916 eninr
1102 2857 1161 2915 iam
1182 2856 1257 2916 anti-

99 2963 202 3038 quitus
224 2965 396 3023 narrabatur
418 2965 455 3025 60
476 2967 596 3024 Socrate
620 2971 649 3024 et
671 2965 784 3038 Zopyro
806 2960 979 3035 (0101000.
994 2959 1024 3033 t,
1041 2955 1092 3018 37.
1106 2956 1255 3020 6010105.

99 3065 185 3124 00100
207 3077 267 3124 000
289 3065 423 3126 meminit
443 3061 794 3142 100060100343-46.
818 3065 854 3123 cl.
879 3061 965 3122 etiam
978 3062 1116 3122 alexand.
1126 3061 1254 3136 601006.

100 3167 217 3226 601010
241 3165 478 3242 0601806.
503 3169 591 3229 Orell.
626 3184 684 3243 qua
711 3169 781 3225 haec
814 3166 911 3225 labala
944 3165 1047 3225 nitimr
1073 3166 1109 3226 de
1136 3167 1256 3227 Socrate

100 3269 254 3342 sententia,
277 3283 313 3328 ea
324 3269 516 3346 Theophrasti
534 3273 591 3334 iam
603 3271 658 3329 luit
669 3271 704 3330 cl.
718 3269 794 3344 apud
808 3269 947 3328 Pseudar.
963 3270 1059 3328 Probl.
1073 3265 1127 3342 30,
1140 3267 1169 3330 1.
1182 3265 1255 3343 353,

99 3370 150 3433 10.
168 3369 219 3431 27.
235 3368 302 3431 nde
324 3379 354 3432 et
374 3367 524 3434 Polemon.
547 3389 576 3450 0.
593 3370 666 3435 301.
689 3372 806 3430 videtur
827 3378 924 3430 autern
948 3371 1051 3434 Cicero
1068 3388 1104 3430 ex
1117 3371 1256 3432 Socratici

99 3475 254 3534 cniusdam
277 3473 392 3549 dialogo
414 3477 561 3551 hausisse,
583 3483 616 3536 nt
639 3473 762 3534 coniicio
785 3488 821 3535 00
843 3471 942 3532 verbis
964 3473 1072 3551 quibus
1095 3475 1132 3532 de
1154 3475 1211 3534 fato
1235 3472 1254 3534 5

100 3593 174 3638 0000
195 3583 241 3636 est
262 3577 309 3636 his
331 3577 464 3649 „addidit
485 3580 572 3639 etiarn
594 3577 797 3648 mulierosum,
825 3575 862 3634 in
885 3591 952 3654 quo
974 3575 1183 3636 Alcibiades
1206 3577 1255 3636 di·

99 3681 194 3740 citur
215 3679 390 3739 cachinnum
403 3683 602 3756 sustulisse'’),
626 3679 656 3738 in
679 3693 805 3753 quorum
826 3680 946 3740 aomina
968 3687 1070 3758 postea
1083 3680 1255 3754 suppositos

98 3783 225 3858 legimus
252 3781 457 3857 hippocratem
483 3793 513 3845 et
538 3786 749 3854 Philemonem,
776 3786 806 3839 et
831 3780 1036 3858 Hippocratem
1058 3781 1177 3858 quidem
1205 3784 1254 3857 qui

98 3885 245 3946 hrabibns
267 3891 314 3946 est
335 3887 449 3961 domat,
471 3887 605 3960 ipsorum
627 3887 754 3947 Arabum
769 3893 812 3946 -et
833 3885 907 3944 torte
928 3885 1049 3946 loannis
1070 3883 1254 3944 translatoris

99 3999 200 4047 amore
223 3995 341 4062 aperto,
372 4003 426 4063 pro
449 3986 564 4064 Zopyro
593 3997 690 4048 autem
717 3989 775 4050 iam
796 3987 862 4063 lpse
884 3985 985 4046 Graeci
1006 3987 1134 4048 cudens
1154 3993 1254 4046 textas

99 4090 271 4150 exhibuisse
293 4091 463 4166 intelligitur
485 4091 673 4150 Polemonem
697 4105 785 4165 quern
807 4091 1007 4152 Philemoaem
1023 4091 1053 4150 in
1067 4089 1254 4151 mationibus

99 4193 195 4253 Latini
218 4191 357 4253 scribunt.
404 4192 489 4262 Quod
512 4207 572 4252 non
594 4201 662 4254 ante
685 4193 820 4267 quintum
842 4207 871 4270 0.
896 4193 962 4252 Chr.
991 4195 1123 4254 seculum
1147 4195 1254 4253 factum

100 4307 169 4355 esse
190 4295 322 4355 ostendit
348 4296 478 4356 1000000
501 4293 661 4355 Cassianus
687 4296 850 4355 monachus
878 4294 1006 4370 (1464,
1029 4297 1064 4357 01.
1088 4297 1197 4359 Fabric.
1221 4295 1253 4355 B.

99 4395 147 4456 Gr.
163 4393 194 4467 8,
211 4395 330 4473 45200.
347 4399 392 4472 ll,
415 4399 489 4457 Bibl.
512 4398 590 4456 med.
615 4404 644 4457 ct
664 4397 715 4457 inl.
739 4398 787 4457 lat
804 4395 833 4470 1,
849 4393 911 4457 355
934 4399 980 4458 ed.
1004 4399 1112 4472 610001)
1146 4399 1196 4475 qui
1223 4400 1254 4460 in
