3024 5162
689 348 752 414 255

136 519 241 595 Augila
277 519 343 580 libri
376 519 479 580 Graeci
511 521 763 583 transferebantur
794 495 1012 584 lincolniensis
1049 525 1176 588 maxime
1210 543 1299 603 opera

135 620 265 684 bominis
286 628 318 680 ut
341 621 381 680 ait
401 622 552 682 Bostonus
574 622 728 684 hamensis
751 625 811 700 (ap.
835 623 950 686 Teucer
970 625 1177 704 5551537.
1199 628 1299 690 tloruit

133 723 161 784 is
183 724 240 784 suh
262 723 389 784 Henrieo
411 723 462 796 lv)
496 723 548 797 „in
574 725 680 801 triplici
707 727 808 802 lingua
841 727 947 788 eruditi
975 729 1078 790 Latina
1103 730 1246 790 llebraica
1268 739 1298 792 ot

134 825 835 900 (155555155555555155555515555555
858 830 958 890 minus
982 831 1060 890 docti
1094 831 1146 906 (51.
1170 832 1243 892 Jebh
1266 833 1297 894 in

132 929 239 1002 praef.)
261 927 375 988 amicus
398 929 449 1003 qui
471 935 504 988 ut
525 929 603 990 idem
616 929 818 992 aitBostonus
841 932 901 1006 „de
914 932 1026 992 Gracco
1043 934 1134 994 multa
1146 933 1297 994 transferri

133 1028 216 1088 iecit”
249 1029 301 1102 (51.
323 1030 391 1105 1.,5.
419 1048 448 1105 p.
470 1026 512 1092 37
545 1039 634 1106 atque
665 1032 772 1092 iisdem
800 1033 901 1094 verbis
928 1034 972 1092 lo.
1002 1034 1223 1095 Tinmuthensis
1249 1049 1295 1110 ap.

133 1131 276 1192 Wharton
296 1147 325 1206 p.
341 1126 414 1192 347.
447 1133 526 1192 Baco
550 1133 603 1207 Op.
627 1150 666 1192 5.
697 1152 725 1209 p.
742 1131 783 1194 45
807 1141 836 1194 et
856 1133 909 1195 46.
944 1135 1020 1194 555.
1053 1138 1175 1196 hancne.
1200 1136 1219 1192 l.
1242 1135 1296 1207 5.),

133 1233 164 1292 in
192 1233 409 1308 5515555555
441 1234 514 1294 satis
540 1235 658 1296 videtur
687 1235 878 1296 memorabile
908 1243 937 1298 et
963 1237 1001 1296 ad
1027 1237 1104 1298 vitae
1131 1235 1296 1296 111155551-

134 1334 285 1395 stotelicae
317 1343 523 1408 argumentum
549 1337 683 1412 proxime
710 1345 848 1413 spectans
877 1337 931 1397 luit
953 1337 1078 1398 Suidas:
1112 1337 1149 1396 cl.
1172 1337 1294 1396 Boston.

132 1438 152 1496 l.
168 1453 194 1496 c.
217 1437 310 1509 „ltem
331 1439 480 1500 transtulit
501 1439 538 1498 55
554 1440 665 1500 Graeco
687 1439 718 1500 iu
733 1440 870 1500 Latinum
890 1438 998 1498 librum
1020 1439 1070 1513 qui
1094 1439 1201 1500 dicitur
1215 1439 1296 1500 Suda

134 1553 223 1612 quam
256 1548 488 1612 composuerunt
514 1542 569 1602 viri
596 1541 746 1616 sapientes
778 1557 820 1602 sc.
843 1539 1010 1620 ⁸lludemius
1043 1542 1145 1602 rhetor
1164 1540 1295 1600 lllladins

133 1640 184 1714 qui
217 1639 271 1700 luit
303 1650 436 1716 tempore
469 1643 628 1704 Theodosii
662 1642 798 1704 iuvenis”
821 1653 877 1705 etc.
912 1660 970 1718 qna
1003 1642 1123 1718 quidem
1157 1641 1294 1722 versione

131 1741 220 1816 „libri
242 1742 293 1816 qui
315 1743 421 1803 dicitm
442 1743 537 1804 Suda”
559 1752 590 1806 ot
610 1744 675 1820 ipse
696 1745 740 1804 lo.
765 1746 912 1808 walensis
931 1745 1044 1820 passim
1065 1744 1158 1803 utitur
1181 1745 1217 1803 de
1229 1743 1294 1802 Pla-

131 1853 202 1904 tone
234 1859 326 1918 agens
359 1844 557 1919 (Compendil.
574 1843 604 1918 3,
620 1846 651 1920 t,
667 1845 697 1904 2.
724 1843 754 1920 3,
770 1849 801 1921 4,
817 1845 837 1908 6
861 1855 889 1908 ct
911 1843 941 1921 3,
957 1847 988 1920 4,
1004 1843 1046 1906 13
1060 1863 1096 1896 a
1112 1844 1194 1904 Suid.
1218 1859 1242 1902 s.
1266 1859 1293 1902 v·

134 1946 242 2019 Plato).
286 1946 434 2020 Integrum
456 1953 554 2008 tamen
577 1948 685 2008 Suidoe
707 1949 823 2008 lexicon
847 1965 939 2023 quum
961 1950 1009 2008 vix
1032 1947 1179 2028 concedas
1202 1946 1294 2006 seculi

135 2047 285 2110 doctrinae
316 2048 408 2110 luisse
441 2064 635 2123 conversum,
670 2063 725 2126 ego
756 2051 877 2124 quidem
909 2051 1072 2126 putaverim
1105 2046 1295 2124 biographica

134 2149 261 2210 maxime
283 2156 313 2208 et
333 2140 474 2211 historica
495 2160 633 2226 excerpta
654 2152 749 2212 luisse
771 2152 808 2210 ab
830 2152 990 2227 interprete
1013 2152 1117 2212 Latino
1141 2150 1211 2210 inde
1227 2165 1295 2208 seu-

135 2252 257 2314 tentiam
278 2253 455 2314 confirmans
478 2256 558 2328 quod
580 2257 611 2312 tn
637 2253 783 2327 Catnlogis
810 2253 911 2312 libror.
935 2270 1007 2314 mss.
1031 2252 1153 2328 Angliae
1175 2260 1204 2312 et
1225 2251 1291 2312 llib.

132 2354 164 2416 itt
186 2371 279 2416 5555
301 2356 432 2416 collectis
454 2353 684 2429 (05551697)
707 2357 729 2427 l,
745 2351 775 2427 3,
800 2356 864 2414 cod.
881 2352 943 2416 423
965 2360 1034 2429 post
1057 2356 1295 2428 „Testamentum

133 2456 184 2516 llll
204 2456 434 2531 patriarcharum
457 2474 475 2515 a
495 2458 696 2518 lincolniensi
723 2456 912 2516 translatum‘
945 2456 1070 2516 habetur
1102 2451 1255 2530 „Narratio
1278 2470 1295 2513 e

134 2558 226 2618 Suida
250 2558 390 2619 translata
416 2557 452 2618 ab
479 2561 609 2633 eodem’',
644 2559 694 2620 uhi
722 2560 796 2618 5555
822 2557 935 2616 addunt
961 2556 1107 2618 editores:
1140 2557 1294 2630 „Pitsnaus

134 2659 206 2720 dicit
238 2675 307 2720 cum
338 2661 525 2720 transtulisse
552 2662 690 2735 Suidam;
724 2659 923 2720 narrationem
955 2658 1031 2718 hauc
1063 2657 1131 2740 ¹vide
1162 2658 1195 2716 in
1222 2673 1295 2718 voce

133 2758 285 2845 terror,
308 2762 344 2820 cl.
360 2763 431 2822 ibid.
449 2764 470 2836 l,
486 2760 516 2837 3,
533 2765 598 2824 555.
615 2759 699 2824 1383
722 2763 785 2836 „lle
808 2760 928 2836 sibyllis
952 2767 982 2819 et
1002 2759 1068 2820 aliis
1091 2761 1182 2820 rebus
1197 2759 1294 2818 variae

133 2866 317 2926 nemobones
350 2879 387 2924 ex
413 2865 489 2924 libro
523 2865 574 2938 qui
603 2865 713 2924 Graece
739 2871 860 2924 vocatur
886 2861 1009 2936 Suidas,
1046 2875 1135 2936 quem
1162 2868 1294 2936 tempore

134 2967 291 3028 Theodosii
324 2967 439 3027 iuvenis
467 2973 700 3040 composuerunt
728 2967 847 3042 quidam
873 2964 928 3025 viri
955 2965 1141 3046 sapientes”.¹
1174 2964 1295 3026 Videtur

133 3076 232 3130 autem
254 3066 486 3139 lincolniensis,
515 3082 576 3126 nou
599 3069 695 3136 solum
722 3067 844 3144 physica
868 3065 991 3129 scientia
1013 3059 1110 3127 clarus
1132 3069 1295 3128 5155155-

133 3173 239 3232 matica
271 3171 327 3230 sed
358 3169 578 3230 commentariis
605 3169 692 3230 etiam
726 3172 757 3230 in
783 3168 948 3230 Aristotelis
981 3168 1074 3228 lihros
1106 3168 1294 3242 (51551555
1335 3163 1337 3168 ’

136 3273 208 3334 Call.
235 3270 267 3346 3,
283 3268 334 3333 51.
361 3269 413 3334 53.
430 3269 472 3334 59
489 3280 544 3334 ete.
578 3272 615 3332 55
648 3288 754 3335 5555.
789 3274 820 3332 in
853 3271 973 3346 Dionys.
1006 3269 1113 3346 Areop.
1146 3271 1294 3343 ciliaco,

133 3375 286 3448 Wharton,
298 3375 410 3436 Bostorr
422 3383 476 3434 eto.
489 3375 518 3434 lt.
532 3391 575 3434 cc.
599 3374 637 3434 55
649 3374 754 3434 ceteris
766 3375 830 3434 eius
843 3374 926 3434 libris
937 3373 1079 3432 Wharton
1089 3389 1118 3446 p.
1129 3368 1294 3445 345-47)

133 3477 253 3551 seriptis
282 3476 393 3550 multis,
427 3490 488 3534 non
510 3474 550 3559 ita
576 3474 640 3546 ipse
668 3474 792 3536 vertisse
820 3491 908 3551 quarn
930 3474 1030 3550 potius
1053 3474 1180 3534 Graecos
1202 3474 1294 3533 lihros

134 3579 249 3642 clericis
277 3579 387 3638 Graece
414 3576 508 3637 doctis
534 3577 692 3636 vertendos
719 3575 853 3652 dedisse,
886 3579 918 3638 id
945 3577 1025 3652 quod
1052 3575 1094 3636 uti
1121 3575 1228 3636 lactum
1250 3582 1296 3634 est

134 3682 354 3758 quodammodo
376 3681 408 3740 in
428 3679 611 3742 testamentis
634 3679 692 3740 illis
710 3681 867 3740 duodecim
878 3679 1107 3755 patriarcharum
1120 3677 1295 3752 apocryphis

20 3840 22 3851 ,
135 3795 206 3846 tunc
227 3783 369 3859 temporis
390 3782 512 3844 Roberti
534 3797 606 3842 eura
629 3797 645 3842 5
669 3782 788 3844 Graecia
811 3782 915 3855 chaus,
943 3795 1020 3856 quae
1042 3791 1068 3838 a.
1091 3773 1176 3838 1242
1198 3785 1294 3838 5555-

137 3889 203 3948 tulit
228 3887 277 3950 ille
304 3886 517 3960 „coodiuvante
540 3884 680 3960 magistro
702 3883 821 3944 Nicolao
845 3885 959 3954 Graeco
980 3880 1087 3942 clerico
1110 3879 1224 3940 abbatis
1247 3878 1294 3936 sti.

133 3989 253 4054 Albani'
267 3990 343 4063 (sce.
356 3989 491 4050 Matthaei
502 3987 585 4049 Paris
596 3987 682 4062 Angli
694 3988 744 4062 qui
757 3993 891 4046 mortuus
904 3995 950 4046 est
961 4001 987 4042 a
997 3980 1080 4046 1253
1096 3981 1164 4041 hist
1177 3997 1205 4055 p.
1219 3976 1292 4047 528.
1387 3975 1390 3980 ’

133 4089 256 4166 51721)
267 4090 330 4152 sive
342 4100 375 4152 ut
383 4093 489 4167 legitur
498 4092 528 4152 ln
537 4099 607 4150 nota
619 4107 675 4150 ms.
687 4105 775 4164 quam
787 4086 906 4146 exbibet
914 4085 1056 4146 Wharton
1066 4084 1165 4160 (Angl.
1178 4099 1262 4144 sacra
1271 4083 1296 4142 ll

133 4213 163 4272 p.
176 4193 238 4256 315
254 4196 291 4256 51.
303 4195 393 4258 Derris
403 4195 494 4254 Godd.
507 4194 595 4254 theol.
608 4194 655 4252 lat
667 4193 752 4255 Vind.
763 4192 784 4266 l,
795 4186 874 4263 218)
891 4189 1071 4262 „assistente
1082 4186 1109 4245 ci
1120 4184 1296 4247 5155551111-

135 4300 224 4360 chero
246 4301 318 4373 (leg.
335 4291 514 4369 Eucherioi)
543 4296 579 4356 ab
602 4294 727 4356 ecclesia
748 4295 777 4354 b.
801 4291 904 4354 Albani
926 4289 1100 4352 beneficiato
1122 4289 1241 4350 natione
1263 4294 1293 4346 et

136 4401 358 4462 conversatione
376 4400 501 4460 Gracco”
524 4397 576 4472 (51.
588 4397 676 4458 ctiam
687 4397 768 4456 vinc.
782 4397 831 4472 Sp.
845 4394 913 4456 hist.
929 4389 1035 4467 1,125
1053 4391 1103 4466 qui
1117 4396 1292 4452 testamenta

179 4525 245 4570 ltere
262 4518 291 4568 55
302 4517 368 4566 libris
381 4514 520 4566 Aristotelis.
1046 4489 1087 4551 17
1141 4589 1143 4594 ,
