3024 5162
637 403 711 485 1111Ι

85 581 205 656 etipsa
227 591 353 660 aeterna,
376 587 416 649 ita
438 597 471 649 ut
494 597 522 651 01
543 593 685 652 librorum
713 595 748 654 10
777 597 859 659 00010
888 597 1104 673 quodammodo
1127 591 1242 657 initium

84 685 125 744 sit
150 693 179 744 et
205 687 293 748 simui
320 691 513 766 Physicorum
541 695 608 754 linis
636 687 746 772 (τέλος
767 687 843 783 ἡμῖν
865 689 985 785 ταύτης
1006 699 1065 784 τῆς
1088 715 1243 783 πραγμα-

81 779 179 863 τείας
200 791 286 867 Phys.
303 789 334 866 8,
351 791 379 853 3.
396 792 468 868 253,
485 793 542 870 31)
575 816 671 876 neque
697 801 761 876 ipse
788 805 848 862 ullo
881 805 969 864 modo
993 807 1056 864 loco
1079 803 1243 863 movendus

81 909 184 968 neque
208 895 263 954 alio
287 911 320 954 ac
342 897 416 956 libro
440 901 581 960 1000010
604 903 699 975 primo
723 907 948 967 continuandus.
981 909 1121 968 Eiusdem
1145 906 1243 982 operis

82 1005 186 1071 partes
209 1013 275 1058 esse
299 1001 348 1074 qui
371 1012 536 1076 sequuntur
556 1005 647 1064 libros
671 1008 734 1082 ipse
756 1011 927 1071 Aristoteles
945 1012 1062 1086 saepius
1076 1027 1110 1070 οο
1124 1025 1242 1085 quoque

84 1100 263 1176 significavit
290 1107 370 1178 quod
397 1109 573 1167 universalia
600 1109 648 1167 illa
675 1111 711 1170 10
739 1115 868 1188 physicis
897 1116 965 1176 citat
991 1124 1140 1189 tamquam
1164 1106 1243 1186 τούς

82 1194 241 1288 πρώτους
262 1197 394 1289 λόγους,
422 1205 500 1286 τούς
522 1201 556 1272 ἐν
577 1200 659 1296 ἀρχῇ
682 1204 800 1296 λόγους
823 1217 875 1291 (10
899 1215 1077 1292 (1001013.
1099 1213 1240 1291 270,17.

82 1309 113 1382 1,
132 1305 163 1368 3.
180 1305 252 1384 311,
268 1308 319 1370 11.
343 1313 379 1371 10
403 1329 468 1388 gen.
493 1322 521 1374 et
544 1314 890 1398 0011.2,10.337,25.
920 1323 956 1380 01
979 1321 1070 1380 libros
1093 1321 1129 1380 10
1152 1335 1242 1396 gene-

82 1412 198 1472 ratione
221 1409 249 1472 01
272 1430 346 1474 0011.
371 1425 524 1476 secuturos
551 1418 645 1478 reiicit
666 1421 752 1496 Phys.
775 1422 805 1496 4,
823 1420 850 1483 5.
876 1419 948 1498 213,
964 1425 1010 1497 4),
1034 1424 1120 1482 simul
1143 1431 1241 1502 tamen

82 1521 197 1589 partem
220 1527 384 1591 separatam
407 1535 474 1580 esse
498 1521 598 1578 eadem
622 1522 745 1598 Physica
767 1525 900 1586 indicans
925 1527 1040 1586 solenni
1055 1526 1240 1586 illatormula

82 1609 214 1702 εἴρηται
237 1613 271 1682 ἐν
293 1607 411 1696 όλλοις
433 1640 456 1682 s.
482 1613 516 1684 ἓν
539 1613 664 1704 ἑτέροις
687 1628 739 1700 (10
762 1607 827 1702 gen.
853 1639 881 1690 et
903 1623 1239 1702 0011.2,10.337,18.

83 1719 161 1793 2,1.
181 1718 254 1797 329,
270 1721 321 1784 27.
335 1724 365 1798 1,
382 1724 410 1786 3.
428 1723 514 1786 aton
531 1723 581 1788 17.
598 1725 685 1788 3171
703 1727 758 1802 13)
782 1747 839 1805 qua
862 1747 921 1790 non
943 1732 1016 1789 alios
1037 1731 1133 1788 solum
1148 1730 1240 1788 libros

84 1825 175 1884 citare
210 1825 285 1886 solet
319 1830 372 1887 001
405 1829 538 1890 eiusdem
571 1832 657 1891 etiam
691 1833 756 1891 libri
789 1843 887 1908 partes
921 1834 992 1892 alias
1019 1837 1048 1891 01
1076 1833 1238 1890 distinctas.

87 1928 197 1986 Deinde
220 1936 252 1988 ut
274 1931 397 2008 Physica
419 1941 576 2007 motusque
599 1935 711 2007 primus
735 1944 762 1994 et
785 1945 922 1995 aeternus
946 1942 974 1993 01
997 1933 1145 1992 circularis
1161 1933 1240 1991 exci-

84 2031 207 2105 piuntur
233 2033 428 2109 descriptione
460 2037 547 2111 primi
570 2039 702 2112 corporis
726 2029 858 2124 coelique
882 2045 910 2096 et
936 2037 1066 2096 siderum
1089 2046 1118 2096 01
1144 2036 1238 2110 ipsius

84 2135 215 2210 danique
235 2145 340 2210 terrae,
368 2137 407 2196 ita
434 2139 499 2198 libri
523 2143 559 2200 10
582 2140 735 2200 elementis
758 2139 810 2213 (10
834 2140 916 2198 00010
932 2141 976 2197 lli.
993 2139 1037 2198 IV.
1062 2140 1098 2197 de
1121 2153 1186 2212 gen.
1210 2142 1240 2194 01

83 2253 160 2296 corr.
173 2239 194 2296 1.
209 2239 248 2313 11)
276 2248 308 2322 01
330 2243 542 2301 elementorum
571 2251 653 2302 motu
675 2243 755 2301 vario
780 2243 984 2317 contrarioque
1019 2243 1070 2316 (10
1094 2237 1239 2312 0001011)

83 2344 180 2416 deque
204 2346 391 2417 generatione
413 2353 441 2405 01
464 2346 651 2420 corruptione
667 2345 874 2418 Meteorologia
891 2345 1073 2418 explicantur
1085 2325 1246 2415 descriptis

82 2461 241 2519 corporum
264 2449 466 2508 sublunarium
490 2449 641 2508 effectibus
665 2455 693 2504 01
714 2446 926 2504 mutationibus
949 2445 989 2503 ita
1011 2444 1130 2517 quidem
1148 2446 1180 2499 ut
1202 2441 1239 2499 ab

83 2564 119 2607 eo
140 2565 230 2622 quem
256 2559 340 2610 vocat
371 2544 430 2614 τόν
457 2544 534 2635 περὶ
566 2543 625 2633 τὴν
658 2545 717 2632 γῆν
743 2538 867 2626 κόσμον
901 2549 937 2605 01
964 2563 1012 2605 100
1034 2553 1188 2604 terrestres
1212 2551 1241 2602 01

83 2659 188 2711 natura
220 2655 397 2729 compositas
431 2656 604 2729 plantasque
628 2662 656 2714 01
679 2652 813 2712 animalia
836 2651 968 2724 (Meteon.
987 2649 1037 2722 tv)
1066 2656 1167 2707 auctor
1190 2647 1241 2705 10-

83 2757 215 2816 scendat.
260 2755 370 2816 Horum
394 2758 524 2816 omnium
545 2757 687 2815 librorum
710 2757 793 2814 locus
818 2752 999 2812 certissimus
1023 2758 1068 2810 est
1090 2749 1241 2824 nisiquod

83 2863 119 2919 10
147 2877 209 2919 uno
238 2861 295 2919 iam
322 2859 482 2934 antiquitus
511 2860 673 2919 dubitatum
701 2859 755 2919 luit
781 2863 883 2933 quarto
911 2856 947 2912 10
975 2855 1071 2927 00010,
1107 2853 1240 2927 quamvis

82 2979 144 3023 non
176 2961 284 3038 magis.
303 2971 381 3022 recte
416 2979 502 3038 quam
535 2963 571 3021 10
599 2963 795 3022 Meteororum
829 2939 941 3034 quarto.
986 2955 1058 3015 Nam
1081 2973 1172 3031 quum
1195 2972 1241 3014 ar·

83 3074 259 3142 gumentum
288 3068 351 3127 eius
379 3067 445 3126 libri
470 3067 632 3126 secundum
660 3065 754 3140 ipsi-us
781 3063 869 3123 verba
896 3069 925 3119 01
945 3060 1039 3136 prima
1062 3068 1090 3118 et
1113 3067 1241 3119 extrema

84 3175 167 3229 esset
201 3164 279 3255 περὶ
310 3165 431 3253 βαρέος
467 3163 524 3231 καὶ
559 3159 688 3253 κούφου
725 3171 969 3228 commentatores
1002 3161 1106 3222 offensi
1140 3169 1240 3236 utpote

85 3273 212 3333 nimium
241 3281 381 3349 urgentes
413 3275 538 3348 partium
570 3274 672 3331 titulos
700 3272 735 3330 ab
764 3267 968 3328 Alexandrinis
995 3267 1109 3341 positos
1137 3265 1243 3324 inscri-

83 3377 217 3450 ptionem
242 3378 330 3436 huius
352 3375 418 3434 libri
441 3377 518 3436 varie
542 3377 637 3436 conati
660 3381 729 3433 sunt
752 3373 896 3445 explicare
920 3371 969 3446 (ci.
995 3371 1096 3444 Simpl.
1110 3368 1245 3436 1000010
1287 3345 1297 3360 ’

83 3479 146 3538 init.
170 3477 237 3538 Sch.
262 3479 309 3538 Br.
334 3498 361 3556 p.
375 3477 439 3540 468
452 3481 526 3553 sq),
561 3485 686 3537 sumtam
721 3476 800 3534 illam
827 3473 929 3548 primis
958 3473 1074 3531 duobus
1101 3469 1184 3528 libris
1207 3483 1243 3528 ex

83 3579 187 3656 ipsius'
204 3579 368 3641 Aristotelis
390 3582 489 3642 verbis
513 3582 565 3655 (10
589 3577 713 3654 000103,
728 3577 756 3638 1.
781 3575 853 3649 298,
866 3575 909 3634 24
921 3575 956 3632 01.
969 3571 1019 3634 30.
1044 3572 1078 3631 01.
1093 3569 1123 3645 1,
1136 3569 1178 3632 10
1191 3571 1240 3630 fin.

84 3693 112 3742 et
136 3683 304 3758 Μο1οο1.1,
323 3683 367 3759 1).
418 3685 494 3744 Saue
527 3702 595 3770 non·
622 3689 691 3744 sunt
722 3683 758 3740 10
786 3681 867 3738 00010
896 3676 961 3736 libri
988 3666 1017 3758 γ’
1040 3683 1068 3734 01
1090 3664 1130 3748 δ’,
1164 3681 1245 3734 10010

84 3796 186 3847 tamen
218 3797 382 3862 sequuntur
413 3789 525 3862 primos
553 3789 628 3847 duos
662 3793 749 3858 atque
778 3780 926 3841 communi
955 3779 1053 3852 operis
1081 3779 1245 3853 1000110-

85 3891 171 3951 ribus
196 3887 378 3965 simplicibus
401 3890 514 3966 agentis
537 3889 589 3963 (10
613 3881 785 3960 000103,1)
808 3883 1061 3961 Physicorumque
1082 3882 1174 3956 partis
1198 3896 1245 3941 00·

86 3995 204 4054 cundae
228 3995 425 4070 disputatione
450 3992 495 4067 (1,
513 3989 531 4050 1
546 4007 610 4066 sqq.
634 3987 827 4064 0118111.)
851 3987 1085 4046 1111010001101.
1130 3983 1245 4042 Etenim

67 4100 123 4158 ¹tie
148 4099 303 4158 elementis
334 4103 509 4157 tractaturus
532 4102 632 4154 auctor
653 4093 781 4168 primum
804 4091 924 4150 coelesti
948 4089 997 4147 illo
1019 4095 1164 4146 astrorum
1187 4086 1246 4144 ele·

87 4205 190 4260 mento
216 4217 233 4259 a
261 4195 365 4260 ceteris
400 4214 494 4273 eoque
528 4196 654 4256 maxime
688 4195 856 4255 discrimine
890 4195 964 4252 10010
998 4191 1077 4266 quod
1103 4205 1196 4249 unum
1218 4195 1248 4249 et

88 4303 245 4379 aequabile
271 4304 403 4377 pondere
429 4307 508 4360 caret
535 4316 551 4358 a
574 4299 669 4374 gravis
697 4307 726 4358 et
752 4299 824 4358 levis
853 4298 965 4355 ratione
994 4302 1022 4353 et
1044 4293 1247 4352 contrarietate

89 4415 242 4466 0110111011
271 4405 428 4479 tribusque
458 4399 524 4464 τῶν
555 4397 752 4480 σωματικῶν
781 4391 953 4477 στοιχείων
978 4399 1007 4458 11
1035 4397 1145 4456 mundo
1172 4395 1246 4456 locis

89 4509 248 4585 distinctis,
272 4517 411 4584 supremo
432 4506 520 4584 primi
543 4505 678 4566 elementi
701 4504 738 4566 10
750 4519 809 4580 quo
821 4504 916 4581 primo
929 4504 1012 4562 coelo
1024 4501 1084 4576 agit
1099 4501 1118 4561 1.
1132 4488 1164 4563 α’
1177 4507 1205 4560 01
1215 4487 1250 4580 ῥ’

984 4601 1050 4666 13*
