3024 5162
664 353 726 418 209

104 509 271 606 1155151555
298 513 344 600 (oi
370 517 447 606 περὶ
474 522 579 588 ταῦτα
605 515 914 610 πραγματευόμενοι
930 523 1002 599 595,
1018 523 1069 586 21.
1086 516 1130 590 oi
1149 521 1263 604 purr-

103 616 247 708 voopyoi
261 624 291 697 9,
307 623 434 686 40-43
451 627 537 704 etc),
575 644 701 703 quorum
732 629 970 692 observationem
1003 629 1152 704 praeclara
1178 645 1266 706 coepe

103 727 200 789 laude
225 728 343 804 dignam
375 729 444 790 licet
469 729 617 792 interdurn
644 731 731 791 etiarn
757 731 920 792 fabulosam
954 727 1027 807 (non
1048 747 1114 792 raro
1137 732 1215 792 onim
1238 740 1267 797 51

103 831 218 891 horum
244 838 273 890 ct
299 831 430 904 priorum
463 833 640 906 scriptorum
673 835 710 894 de
738 833 837 895 multis
860 833 1034 896 animalibus
1058 841 1087 893 51
1107 834 1266 908 populares

102 933 240 1006 1555155,
273 927 316 1018 coi
340 923 621 1017 μυθολογούμενα
641 933 727 996 5785
744 936 795 1006 24,
818 937 854 994 ol.
876 933 962 996 5795
979 934 1007 992 2.
1031 931 1170 1007 580,14.
1192 931 1264 1010 585,

103 1033 162 1096 14.
180 1035 255 1095 522.
273 1033 359 1098 5975
376 1036 405 1097 1.
422 1036 575 1100 609510.
593 1035 665 1110 619,
680 1037 729 1099 19.
747 1035 834 1099 7565
850 1035 869 1097 5
885 1044 939 1095 515.
964 1035 1040 1096 51551
1062 1037 1265 1112 5551515555-

104 1138 172 1198 saei
195 1137 498 1202 Herodorifleroooti
522 1149 550 1200 51
572 1140 708 1200 animalia
720 1139 832 1200 Ctesias
844 1139 976 1201 fabulosa
988 1138 1080 1212 tangit
1090 1139 1264 1214 5515151555,

104 1240 149 1300 ita
172 1247 205 1298 51
225 1239 408 1314 Peripatetici
432 1243 585 1304 cuiusdam
597 1242 672 1300 liber
687 1230 771 1324 ὑπὲρ
782 1238 848 1302 τῶν
857 1233 1160 1321 μυθολογουμένων
1172 1231 1265 1317 ζώων

105 1341 141 1400 5.
159 1343 193 1402 L.
210 1338 239 1413 5,
256 1338 297 1402 25
320 1343 392 1402 5555
419 1345 517 1408 dedita
543 1361 630 1418 opera
654 1337 843 1418 exsequentis
869 1345 947 1402 sicut
969 1343 1065 1402 Strato
1087 1343 1265 1404 5155115511

104 1444 140 1502 tt.
158 1445 191 1504 L.
208 1440 237 1514 5,
254 1440 305 1516 59,
328 1445 384 1520 ipsi
407 1453 509 1520 postea
531 1445 680 1508 Aristoteli
691 1446 775 1508 155115
786 1445 976 1520 tribueretur)
998 1453 1111 1519 spectat
1124 1446 1265 1520 frequens

104 1546 182 1606 illud
204 1529 316 1606 ὦπται
338 1535 413 1629 (ἤδη
424 1535 546 1621 cicccc,
559 1534 655 1608 oir‘rrm
667 1532 789 1619 ὦπται,
804 1539 861 1608 καὶ
875 1535 970 1610 cou‘ii'
984 1531 1265 1628 impotentiorem

105 1645 171 1733 γὰρ
194 1640 313 1726 ἱκανῶς
334 1637 413 1732 ἤδη,
446 1645 504 1712 καὶ
528 1649 627 1712 τοῦτο
655 1634 864 1729 ὦπτανῆδη
890 1637 960 1712 ὑπό
989 1667 1089 1710 τινων
1114 1645 1265 1731 φανερῶς

109 1751 199 1814 5045
215 1751 266 1828 26,
300 1742 397 1816 οὐδέν
419 1772 473 1816 πω
501 1751 674 1816 οονιῖαοοαι
705 1744 802 1831 μέχρι
822 1768 858 1830 γε
883 1745 943 1810 τοῦ
975 1747 1031 1810 νῦν
1064 1739 1139 1812 ἀλλ’
1167 1739 1265 1833 iiiior

111 1849 242 1936 λέγεται
261 1845 364 1933 μόνον
379 1852 451 1930 580,
468 1855 519 1928 20,
547 1849 604 1918 καὶ
628 1843 749 1916 τούτου
776 1839 944 1914 αὐτόπται
969 1842 1159 1933 γεγένηνταί
1177 1869 1265 1926 τινες

112 1956 201 2018 6205
216 1955 265 2018 23.
289 1959 325 2018 51.
344 1953 416 2030 618,
432 1954 474 2017 18
489 1955 566 2032 etc).
610 1958 645 2016 Et
672 1957 728 2016 555
754 1953 874 2027 quidem
900 1969 960 2012 non
987 1967 1061 2025 uno,
1088 1953 1264 2016 5551551115

112 2059 187 2118 locis
219 2075 286 2120 eum
318 2059 427 2118 adiisse
461 2049 567 2135 (5151
592 2048 627 2120 ἐν
656 2044 794 2139 Τορώνῃ
815 2051 970 2127 548515,
1004 2057 1041 2113 55
1067 2055 1264 2127 piscatoribus

110 2161 278 2236 Byzantinis
294 2159 381 2226 5985
398 2159 440 2220 14
455 2159 523 2240 515.)
551 2161 632 2220 5115
656 2158 775 2218 Graecia
802 2163 832 2216 51
853 2157 884 2216 15
906 2155 1074 2216 Macedonia
1097 2163 1126 2216 et
1147 2155 1266 2216 Thracia

110 2265 162 2324 diu
185 2273 394 2326 commoratum
420 2263 635 2338 regionumque
661 2261 738 2320 circa
758 2259 982 2332 Hellespontum
1005 2265 1034 2316 et
1055 2257 1264 2332 Propontidem

109 2376 139 2427 et
172 2369 297 2429 Pontum
330 2367 407 2426 5555
439 2381 562 2439 gnarum
598 2360 649 2437 (ita
675 2361 845 2436 Byzantium
874 2359 982 2420 risisse
1010 2374 1078 2418 eum
1102 2355 1264 2431 51.8,13

108 2469 273 2530 certissime
296 2463 580 2539 5555151,51.6,17.
598 2461 734 2536 571,17.
752 2459 876 2522 61258
898 2469 927 2520 51
949 2462 1076 2520 15515555
1087 2458 1174 2518 etiam
1184 2459 1265 2518 Ami·

111 2590 178 2634 sum
207 2573 370 2646 proiectum
396 2585 457 2628 non
488 2567 598 2640 iniuste
631 2565 732 2626 credas
755 2564 791 2622 51.
812 2559 842 2634 5,
858 2561 908 2622 22.
926 2559 955 2633 6,
971 2556 1040 2638 13),
1073 2561 1130 2620 555
1156 2559 1267 2620 maiore

108 2675 249 2738 11511555
272 2689 307 2745 eu
330 2673 520 2734 historiarum
541 2668 625 2730 lihris
648 2681 748 2726 sumes
771 2680 859 2739 quom
882 2677 957 2736 quae
979 2668 1094 2720 veteres
1110 2677 1168 2737 qua
1183 2677 1266 2721 occa-

109 2781 196 2842 sione
228 2778 292 2838 lieri
324 2773 451 2849 potuerit
483 2779 515 2832 ut
546 2777 589 2830 tot
621 2767 756 2828 animatia
789 2773 909 2826 externa
942 2765 1062 2836 feroque
1094 2762 1266 2824 Aristoteles

109 2879 281 2959 cognoverit
312 2873 559 2950 descripseritque
589 2868 760 2946 explicaturi
785 2885 823 2928 ex
851 2867 957 2926 iisdem
984 2863 1068 2925 libris
1095 2863 1265 2936 effecerunt,

102 2993 231 3062 'propter
252 2983 348 3058 ipsam
368 2975 473 3053 partim
486 2973 648 3034 bestiarum
661 2971 853 3030 Asiaticorum
864 2969 997 3030 notitiam
1018 2966 1123 3041 partim
1145 2973 1267 3041 propter

109 3087 272 3150 adhibitam
300 3085 479 3158 piscatorum
505 3075 697 3147 omniumque
725 3073 846 3134 omnino
878 3069 1076 3132 narrationem
1102 3069 1212 3143 quous
1234 3076 1267 3128 51

110 3193 150 3250 511
172 3189 285 3250 Plinius
308 3184 417 3246 vivaria
438 3187 569 3240 armenta
591 3176 716 3262 alicacia
737 3175 870 3251 piscinae
895 3171 1003 3234 aviaria
1029 3170 1060 3230 in
1082 3187 1152 3234 cura
1173 3179 1266 3243 crant,

110 3295 204 3354 modo
235 3290 340 3350 itinera
367 3286 431 3348 eius
454 3299 521 3346 oum
542 3280 708 3341 Alexandro
731 3277 857 3338 Asiatica
879 3273 1036 3336 commenti
1063 3275 1151 3336 modo
1173 3273 1268 3354 ipsius

110 3396 192 3471 regis
214 3391 322 3456 euntia
343 3388 406 3449 sive
428 3399 481 3460 per
503 3382 644 3441 Graecam
665 3379 824 3453 Asiamque
851 3384 940 3438 totam
967 3375 1069 3436 talium
1096 3391 1195 3438 rerunt
1217 3391 1269 3451 po-

109 3500 186 3560 51155
209 3509 312 3556 omnes
334 3486 483 3550 Aristoteli
506 3481 688 3558 percontanti
710 3497 814 3555 parere
836 3478 965 3540 iubentis
989 3474 1187 3554 (9115817)
1205 3477 1267 3535 sive

110 3603 194 3676 largo
222 3594 364 3673 pecuniae
391 3592 469 3651 dono
497 3585 732 3659 octingentorum
759 3599 800 3644 so.
827 3581 1004 3640 talentorum
1030 3576 1187 3638 seientiam,
1208 3593 1270 3640 ma·

110 3702 196 3780 gistri
218 3695 419 3775 promoventis
443 3689 559 3771 (Athen.
576 3687 606 3762 9,
621 3683 694 3760 398,
718 3685 798 3762 quod
810 3684 846 3743 ad
858 3680 1025 3755 Philippum
1041 3678 1170 3754 ineptius
1182 3681 1270 3744 edam

111 3802 214 3867 retulit
234 3799 345 3860 helian.
370 3812 428 3856 var.
452 3796 480 3852 5.
497 3783 613 3869 4,’19);
637 3803 713 3864 quae
736 3787 855 3861 quidem
877 3787 964 3861 plane
987 3791 1066 3861 putet
1080 3784 1107 3844 51
1120 3783 1268 3858 quihrist.

111 3921 191 3982 opus
212 3901 316 3978 legerit
338 3902 491 3959 doctorum
513 3885 1270 3966 hominumrigmentaesseimmenaiopcriaampli·

113 4008 250 4072 tudinem
269 4003 489 4069 adminiclum,
513 4013 604 4072 quum
625 3993 800 4070 praesertim
823 3992 926 4052 endem
938 4007 1061 4066 prorsus
1073 3987 1270 4048 recentiorum

113 4111 285 4174 coniectura
307 4107 409 4166 hortus
431 4101 480 4160 ille
495 4096 686 4172 Theophrasti
708 4102 795 4156 natus
818 4095 864 4154 sit.
898 4093 1063 4154 Verisimile
1085 4090 1204 4164 quidem
1227 4098 1272 4150 ost

115 4224 149 4276 ut
181 4219 286 4288 posteo
317 4208 517 4268 Romanorum
549 4209 683 4274 ternpore
716 4196 766 4276 (ci.
788 4197 861 4258 Plin.
882 4195 913 4270 8,
933 4195 983 4258 20.
1005 4194 1055 4255 24.
1076 4190 1127 4254 25.
1150 4190 1201 4254 28.
1218 4190 1269 4253 34.

115 4319 168 4380 to.
186 4313 237 4377 54.
246 4314 297 4372 ·de
319 4307 436 4370 aviariis
452 4303 503 4378 10,
520 4301 561 4364 72
577 4300 645 4381 515.)
668 4301 708 4360 115
730 4308 759 4360 51
782 4301 959 4360 Graecorum
982 4296 1131 4372 republica
1148 4295 1272 4354 florente

10 4419 16 4431 '
115 4419 274 4499 peregrina
299 4411 436 4474 animalia
462 4422 551 4482 saepe
577 4405 608 4464 in
631 4403 781 4466 Graeciam
803 4402 954 4478 spectandi
977 4399 1168 4474 mirandique-
1182 4398 1275 4473 gratie

163 4545 230 4588 11555
248 4534 277 4583 de
290 4531 354 4598 libris
367 4527 506 4579 Aristotelis.
1032 4501 1074 4562 14
