3072 5164
837 345 876 405 52

282 521 420 580 totalitate
454 519 647 593 philosophus
674 524 717 574 ost
746 517 782 576 ita
812 525 843 576 ut
870 518 1049 590 problemata
1077 533 1195 590 quaque
1230 519 1293 579 eius
1321 519 1439 592 perdita

281 622 327 682 his
350 639 437 696 quam
459 620 655 694 posteriorum
678 618 899 678 collectionibus
926 619 1123 678 tumultuariis
1146 619 1332 694 servatisque
1353 619 1440 686 sirni-

281 723 353 782 liara
377 722 467 780 luisse
490 722 651 802 videantur,
675 728 707 778 ut
730 729 959 779 consentancum
987 731 1033 780 est
1055 721 1120 780 eius
1142 720 1233 778 libros
1255 721 1336 780 initia
1359 721 1440 780 ieme

282 825 347 884 cius
380 823 499 884 rationis
534 839 622 896 quam
656 822 866 896 discipulorum
902 823 1053 882 delectatio
1087 822 1212 882 maxime
1247 824 1439 897 sequebatur,

164 954 168 962 ·
282 927 425 1002 perfectae
449 924 537 982 simol
558 923 762 997 philosophiae
785 931 813 982 et
834 924 865 982 in
880 923 944 998 ipsa
961 924 1140 997 perfectione
1156 925 1315 984 exhaustae
1339 927 1440 998 adque

283 1015 476 1086 eruditionem
504 1031 533 1082 et
560 1024 711 1082 historiam
745 1025 907 1084 delabentis
941 1025 1070 1100 speciem
1103 1026 1187 1098 quasi
1221 1026 1441 1100 coniungentes

282 1135 525 1202 praeceptumque
553 1125 711 1184 aPlatone
737 1126 905 1186 inveniendi
934 1135 962 1186 et
988 1127 1146 1187 novitatem
1173 1135 1202 1186 et
1228 1128 1440 1188 fecunditatem

283 1228 446 1302 argumenti
481 1234 557 1287 certa
584 1226 696 1284 ratione
724 1227 828 1301 piaque
854 1228 964 1286 tractati
991 1229 1172 1301 plenitudine
1199 1237 1441 1302 compensantes

283 1330 322 1388 ita
345 1331 502 1388 abhorrere
530 1335 559 1386 et
580 1347 596 1388 a
617 1330 746 1388 Platonis
770 1330 914 1403 discipulo
942 1337 971 1387 ot
993 1347 1010 1388 a
1031 1330 1208 1404 philosopho
1235 1331 1341 1404 ingens
1364 1330 1441 1388 illud

284 1440 313 1488 et
328 1429 504 1500 incredibile
527 1430 734 1506 polyhistoriae
757 1440 786 1490 et
800 1431 1007 1505 polygraphiae
1023 1431 1152 1490 studium
1169 1434 1249 1506 quod
1263 1433 1328 1492 eius
1344 1432 1442 1492 luisse

284 1533 336 1604 (cl.
359 1532 488 1590 Niebuhr
515 1531 597 1588 nom.
627 1531 730 1590 Gesch.
755 1535 775 1605 l,
798 1530 839 1590 14
866 1533 952 1591 edat
980 1532 1113 1606 aliosque
1140 1535 1265 1607 multos)
1300 1549 1442 1607 perversa

284 1633 546 1690 Alexandrinorum
561 1633 824 1708 pseudepigraphia
840 1633 1038 1706 posteriorum
1053 1637 1206 1708 persuasio
1221 1635 1313 1706 finxit,
1337 1641 1443 1694 aueto-

284 1735 367 1794 ritate
389 1735 477 1818 igitur
499 1749 596 1792 carere
622 1735 712 1792 libras
740 1751 843 1794 omues
871 1735 920 1808 qui
949 1743 998 1792 aut
1024 1751 1105 1794 mere
1131 1736 1190 1796 sint
1223 1745 1252 1796 et
1274 1737 1442 1810 argumenti

285 1836 408 1894 consilio
431 1836 635 1910 sermonisque
661 1852 770 1910 genere
792 1836 927 1895 rhetorici
950 1839 985 1896 ad
1008 1836 1223 1898 Platonicorum
1246 1853 1345 1898 moras
1368 1853 1443 1896 scn-

284 1937 449 2010 tenliasqne
471 1939 643 1998 aecedentes
665 1946 715 1997 aut
736 1955 816 1997 mere
838 1938 968 1998 historici
984 1947 1103 2013 arteque
1119 1948 1148 1999 ct
1162 1939 1277 2000 consilii
1294 1939 1441 2011 explicato

285 2055 363 2096 nexu
385 2040 470 2110 plane
494 2047 625 2098 carentes
649 2049 677 2100 et
699 2040 760 2100 sive
783 2041 902 2100 omuino
925 2055 942 2098 a
963 2041 1139 2116 philosopho
1162 2041 1249 2100 alieni
1272 2040 1334 2099 sive
1356 2043 1440 2114 quod

285 2140 364 2196 hunc
390 2139 486 2212 ipsum
514 2141 597 2214 quasi
625 2149 857 2200 commentantur
889 2150 1077 2201 retractantes
1111 2151 1139 2202 et
1167 2141 1324 2216 compilant
1350 2149 1380 2200 et
1406 2142 1439 2200 in

284 2241 489 2316 compendium
512 2242 647 2316 redigunt
669 2244 831 2300 secundum
847 2259 957 2306 morem
973 2243 1167 2302 Alexandrina
1182 2251 1274 2304 aetate
1285 2250 1439 2316 receptum

284 2357 418 2416 novaque
441 2341 602 2400 litterarum
624 2359 732 2417 genera
755 2345 905 2404 ferentem.

369 2445 413 2502 Ad
433 2425 562 2517 primunr
584 2460 677 2518 genus
699 2446 846 2519 pertinent
868 2449 974 2522 dialogi
997 2449 1016 2506 i.
1040 2465 1065 2507 c.
1088 2449 1154 2507 libri
1177 2448 1314 2506 exoterioi
1337 2447 1437 2522 (Alex.

284 2546 313 2602 in
337 2545 408 2617 Tap.
430 2541 503 2616 261,
520 2541 590 2617 25),
629 2548 664 2604 ad
699 2547 821 2606 alterum
855 2551 954 2608 omnia
985 2551 1034 2608 illa
1066 2541 1321 2630 ὑπομνηματικά
1355 2551 1438 2624 (sive

281 2641 443 2726 μονοειδῆ
477 2647 571 2720 qualis
605 2646 693 2704 etiam
724 2645 802 2732 περὶ
835 2640 1008 2734 ἑρμηνείας
1040 2652 1114 2710 libcr
1139 2652 1238 2711 David.
1256 2648 1355 2710 2465
1384 2651 1436 2724 qui

282 2749 360 2806 idem
383 2747 456 2806 liber
478 2742 556 2829 περὶ
578 2741 772 2834 προτάσεων
788 2760 907 2811 vocatur
922 2754 1033 2828 Philop.
1051 2752 1136 2815 loon
1152 2755 1203 2814 40.
1221 2752 1292 2827 196,
1305 2752 1333 2812 5.
1350 2753 1433 2812 Alex.

283 2850 311 2908 in
335 2851 404 2924 Pop.
422 2849 482 2908 261
508 2859 536 2908 et
558 2853 720 2926 categoriae
744 2856 810 2912 Soh.
826 2853 892 2915 alib
908 2856 959 2918 to.
975 2857 1027 2928 44,
1050 2857 1113 2916 sive
1135 2847 1275 2926 ποικίλα
1299 2862 1330 2916 ut
1350 2845 1433 2932 οὐμ-

280 2971 381 3028 μιιιτα
404 2951 502 3010 navio.
519 2953 583 3010 aab
600 2952 635 3024 Β)
660 2970 700 3012 sa.
724 2949 758 3016 έν
780 2943 831 3029 οἷς
852 2945 940 3033 μόνα
957 2951 998 3017 τά
1011 2947 1182 3039 κεφάλαια
1198 2947 1435 3040 ἀνεγράφησαν

282 3046 357 3130 δίχα
386 3045 573 3136 προοιμίων
602 3048 658 3115 καὶ
683 3046 850 3138 έπιλόγιυν
877 3051 1016 3141 καὶτῆς
1046 3050 1238 3141 πρεπούσης
1260 3051 1434 3123 indonatus

282 3146 489 3236 ἀπαγγελίας
513 3157 609 3215 David.
627 3155 677 3228 24,
694 3154 735 3216 38
758 3159 793 3216 cl.
810 3157 875 3216 241)
892 3156 920 3218 7.
938 3159 979 3220 10
1005 3169 1055 3220 aut
1077 3179 1152 3236 quae
1175 3163 1250 3222 sicut
1273 3163 1344 3222 dixit
1364 3163 1433 3220 Ale-

280 3260 390 3316 xander
423 3259 483 3330 (ap.
509 3257 609 3330 Simpl.
635 3258 700 3316 Soh.
717 3259 758 3316 24
775 3263 850 3334 not.)
887 3257 1147 3346 συμπεφυρμένα
1179 3259 1236 3328 καὶ
1265 3257 1310 3346 μη
1346 3258 1434 3344 πρὸς

280 3351 337 3422 aba
360 3349 502 3430 σκοπόν,
530 3361 566 3417 de
594 3376 720 3432 quorum
747 3364 1022 3422 commentariorum
1051 3381 1230 3440 unoquoque
1254 3367 1328 3424 valet
1350 3369 1432 3440 quod

255 3451 315 3520 ‘de
349 3477 407 3520 uno
442 3460 568 3534 quodam
604 3451 800 3544 (ὑπόμνημα
829 3451 848 3526 ὃ
875 3455 1099 3549 ἐπιγράφεται
1133 3460 1225 3550 παρὰ
1251 3461 1310 3550 την
1339 3461 1432 3540 λέξιν

279 3562 378 3637 Simpl.
403 3563 469 3620 Sch.
486 3559 551 3620 tru
567 3562 623 3636 42)
656 3565 725 3624 dicit
759 3567 926 3640 Simplicius
953 3569 983 3626 in
1012 3568 1071 3626 Cat.
1092 3567 1159 3629 476
1175 3570 1216 3627 42
1249 3570 1429 3642 (secundmn

276 3663 468 3737 Porphyrium
491 3670 523 3720 nt
545 3664 605 3722 fere
628 3684 745 3742 semper
767 3670 869 3743 citans,
893 3670 921 3728 id
946 3671 1025 3745 quod
1042 3673 1148 3730 docent
1161 3672 1249 3730 verba
1263 3672 1430 3730 consimilia

277 3763 397 3836 Dexippi
420 3763 593 3837 antiquioris
616 3769 683 3828 Seh.
698 3767 750 3842 48,
767 3769 808 3830 27
820 3788 885 3846 sqq.
902 3768 968 3830 tto
984 3768 1025 3830 35
1038 3788 1102 3846 sqq.
1127 3773 1163 3831 ef.
1179 3773 1246 3834 400
1263 3770 1318 3843 10)
1329 3764 1429 3858 νὅπερ

275 3854 305 3924 εἰ
326 3854 383 3926 καλ
401 3880 490 3925 τισιν
513 3855 552 3926 οὐ
573 3863 666 3930 δοκεῖ
686 3861 820 3952 γνήσιον
841 3865 1106 3955 Αριστοτέλους,
1136 3865 1222 3936 ἄλλά
1243 3865 1334 3948 τινός
1355 3869 1429 3938 ε’στι

272 3955 406 4040 πάντως
439 3964 504 4026 τῶν
541 3957 612 4032 άπὸ
649 3968 785 4056 σχολῆςι
830 3982 1007 4050 quapropter
1043 3977 1160 4050 (Simpl.
1193 3979 1258 4038 Sch.
1283 3977 1326 4036 24
1348 3983 1427 4052 not.)

272 4063 365 4129 δοκεῖ
382 4061 428 4151 μή
452 4060 560 4154 πάντη
584 4072 734 4157 σπουδῆς
755 4064 834 4149 άξια
858 4063 953 4152 εἶναι,
973 4070 1029 4138 διὸ
1053 4068 1132 4140 οὐδὲ
1154 4077 1352 4140 πιστοῦνται
1364 4069 1425 4142 ἀπ’

269 4159 519 4234 cormarrino&
541 4167 736 4258 φιλοσόφου
758 4168 918 4260 δόγματα.
964 4180 1047 4239 Tales
1069 4189 1140 4240 sunt
1162 4197 1266 4241 omnes
1281 4183 1341 4240 lere
1357 4183 1425 4242 libri

266 4289 341 4346 quos
368 4283 502 4333 recenset
527 4275 615 4336 index
643 4279 781 4352 Diogenis
806 4273 848 4340 τά
874 4276 1118 4364 συνταγματικολ
1148 4285 1262 4357 (David.
1278 4284 1344 4344 246
1361 4283 1420 4360 tt)

263 4372 322 4432 iore
348 4377 591 4448 praetermittens.
638 4379 767 4446 Quorum
796 4384 907 4457 primos
935 4401 1079 4458 ponamus
1107 4388 1172 4446 illos
1200 4403 1309 4446 maram
1336 4404 1419 4448 com-
