3072 5164
821 357 863 420 28

267 532 391 590 Plinium
414 533 593 606 praelectum
616 531 764 592 Fabricius
791 534 910 591 demum
937 531 1083 603 contudit)
1117 539 1146 592 et
1175 531 1283 606 Orphei
1316 531 1419 604 plnres

148 687 151 692 ,
267 636 346 693 velut
367 635 504 708 Orpheus
527 634 693 693 Crotoniala
715 635 733 692 i.
747 649 772 692 e.
796 634 1015 708 Pythagoricae,
1039 640 1068 692 ct
1090 632 1327 694 Camariuaeusi.
1341 647 1367 689 e.
1386 640 1420 689 ut

267 735 392 794 coniieio
415 735 578 796 Chaldaeus
601 737 663 794 sive
682 735 813 795 iudaeus
829 736 887 808 (ct
901 733 1053 809 Eupalami
1065 735 1098 792 h.
1112 736 1158 793 ed.
1171 735 1315 809 Kuhlmcy
1327 731 1417 806 pii.

267 837 429 896 Alexandre
451 839 488 896 ad
510 838 611 913 Sibyll.
624 833 654 909 3,
667 835 739 897 ale.
763 837 817 895 luit
838 837 917 896 enirn
930 829 1066 910 Orpheus
1078 835 1168 894 Masis
1181 835 1344 908 discipulas
1357 849 1417 892 see.

266 939 401 1013 Artapan.
414 957 460 1014 ap.
473 941 580 998 Euseb.
593 940 624 996 P.
637 940 668 996 tt.
682 937 711 1010 ll,
724 934 791 1010 27.)
814 939 850 996 ad
873 937 1024 997 historiam
1047 937 1095 996 bic
1117 937 1236 1010 quidem
1259 936 1419 1010 pseudepi-

265 1041 403 1114 grapbiae
430 1041 610 1100 Christianae
636 1040 722 1098 docte
747 1040 843 1098 studia
870 1039 1073 1114 praecedentis
1099 1045 1129 1096 et
1155 1055 1208 1114 per
1234 1039 1328 1112 prima
1357 1039 1418 1098 duo

266 1145 366 1202 secula
387 1145 444 1202 late
466 1143 591 1217 patentis
613 1141 763 1215 pertinens
786 1141 1054 1200 vetustissimorum
1072 1141 1171 1199 denuo
1191 1140 1344 1200 coruinum
1359 1155 1419 1198 usu

265 1247 345 1304 relat
367 1247 542 1320 Sibyllarum
565 1246 615 1316 (cl.
640 1245 767 1303 lactant
784 1243 814 1316 4,
831 1241 966 1316 tome),
990 1241 1096 1316 Orphei
1121 1243 1172 1315 (ei.
1197 1237 1364 1322 διαθῆκαι
1379 1241 1417 1300 de

234 1407 237 1412 ,
265 1347 373 1420 quihus
395 1377 437 1390 --
463 1349 499 1406 cl.
522 1347 616 1406 Zeller
636 1347 681 1418 lll,
698 1342 760 1406 573
776 1361 820 1420 sq.
844 1377 885 1386 -
907 1345 1015 1404 accedo
1037 1343 1183 1402 Lobeelrio
1206 1343 1268 1416 Agl.
1290 1361 1318 1418 p.
1335 1341 1417 1415 447)
1530 1387 1531 1422 ἶ

264 1448 388 1506 aliorum
420 1448 567 1521 insignem
600 1449 652 1520 (cl.
676 1448 762 1507 etiarn
784 1447 950 1506 Hermetica
976 1447 1054 1518 apud
1077 1447 1223 1518 Lactant.)
1279 1444 1417 1504 Ceterum

265 1549 404 1624 Sibyllina
427 1549 556 1608 carmina
577 1550 727 1608 incondita
748 1549 868 1608 minime
890 1550 927 1608 ad
949 1563 1079 1622 paganos
1102 1547 1207 1621 partim
1223 1547 1419 1620 pertinentur

264 1667 343 1710 rlunc
366 1651 484 1725 quidam
510 1653 613 1710 volunt
639 1651 735 1724 (Alex.
759 1652 848 1725 prael.
872 1667 900 1724 p.
917 1651 941 1708 ll
963 1657 992 1708 et
1012 1649 1049 1706 ad
1073 1649 1173 1723 Sibyll.
1197 1645 1227 1720 3,
1242 1647 1284 1709 97
1302 1657 1355 1707 etc.
1380 1650 1417 1706 cl.

264 1753 364 1812 lilibne
385 1753 450 1810 illd.
474 1752 555 1810 Alex.
579 1753 639 1811 llal.
656 1755 690 1826 ll,
706 1750 767 1812 aet
780 1754 842 1828 sq.)
872 1753 940 1810 licet
961 1767 998 1810 ex
1020 1749 1225 1810 Alexandrinis
1247 1751 1418 1810 auctoribus

263 1856 406 1928 quaedam
429 1855 589 1926 hauserint,
612 1855 827 1914 recenlioribus
850 1853 971 1912 scillaei.
1016 1854 1068 1912 Est
1090 1854 1168 1911 enim
1185 1853 1303 1928 Sibylla,
1326 1854 1419 1910 multa

263 1957 300 2014 de
326 1955 428 2014 mundi
462 1957 716 2016 consummatione
749 1973 785 2015 ex
812 1971 894 2015 more
917 1953 1072 2014 chaldaico
1100 1955 1285 2012 confabulatu
1312 1953 1416 2012 Berosi

263 2057 368 2128 „filia”
390 2058 493 2116 Berosi
516 2075 584 2116 vero
608 2058 762 2142 Chaldaici
784 2057 860 2116 sicut
882 2065 912 2116 et
926 2057 1109 2116 Marathonis
1125 2066 1154 2116 et
1169 2055 1304 2116 Hecataei
1319 2056 1418 2114 hade-

262 2158 334 2216 ritae
356 2159 531 2232 Aegyptiace
553 2161 624 2218 mihi
646 2175 822 2234 persuasum
845 2165 891 2216 est
906 2173 965 2216 non
982 2159 1018 2215 ad
1030 2161 1168 2232 aequales
1181 2159 1247 2216 illos
1259 2158 1417 2216 Alexandri

262 2267 291 2318 et
317 2261 475 2319 Ptolomaei
507 2263 593 2336 primi
626 2271 659 2320 ut
685 2261 799 2334 lingua
820 2260 876 2332 (cl.
901 2275 969 2318 cum
991 2261 1173 2320 Manethonis
1201 2260 1325 2333 epistola
1345 2261 1418 2320 Era-

262 2362 407 2422 tosthenis
433 2363 498 2422 lal'si
524 2363 708 2437 prooemium
734 2363 812 2435 apud
839 2360 955 2436 Syncell
976 2378 1005 2436 p.
1023 2360 1084 2421 171
1113 2363 1208 2422 [lindi.
1231 2369 1262 2420 ct
1283 2362 1416 2420 Pseudo-

261 2464 461 2536 demetn'um),
484 2458 514 2523 id
537 2466 615 2538 quod
638 2464 703 2538 ipse
725 2464 890 2523 studiorum
912 2463 1227 2524 Alexandrinorum'et
1249 2454 1415 2536 theologiae

261 2565 383 2624 historia
404 2573 489 2638 vetat,
513 2568 564 2624 sed
587 2567 623 2624 ad
646 2567 768 2626 secundi
791 2566 883 2626 seculi
906 2565 995 2624 finem
1017 2566 1172 2639 pertinere,
1196 2565 1415 2640 uniusquidem

195 2708 198 2714 ,
260 2676 330 2726 sunt
352 2669 511 2740 scriptores
534 2667 575 2725 illi
598 2683 673 2740 quos
696 2670 734 2726 de
755 2669 846 2726 rebus
867 2664 995 2724 Judaicis
1018 2676 1139 2741 agentes
1154 2669 1252 2726 laudat
1266 2668 1415 2742 iosephus

260 2769 327 2844 (qui
350 2769 495 2843 integrum
519 2769 703 2828 Manethonis
725 2769 832 2828 librum
854 2785 932 2828 unus
955 2767 1064 2841 legisse
1081 2768 1204 2840 videtur,
1227 2769 1414 2828 retensum

259 2872 359 2932 mariis
385 2871 600 2944 chronologicis
632 2871 710 2929 varie
741 2871 915 2944 computatis
948 2876 1082 2940 utmttur;
1115 2869 1304 2928 ricemeris
1332 2887 1414 2931 suru-

258 2973 409 3044 marium),
443 2975 528 3032 cuius
560 2973 648 3032 etiam
682 2981 727 3032 est
758 2971 953 3030 Mosaieorum
986 2955 1137 3028 librorum
1162 2971 1360 3046 interpretatio
1384 2982 1415 3032 et

259 3074 408 3148 llermippi
432 3090 551 3148 quoque
574 3091 632 3133 nou
656 3075 773 3148 quidem
796 3074 937 3132 vertentis
959 3071 1086 3145 (Bitschl
1110 3071 1216 3132 Guroll.
1236 3067 1316 3146 disp.
1333 3075 1410 3134 deb.

258 3177 302 3234 Al.
317 3177 374 3248 42)
403 3176 456 3234 scd
478 3175 612 3234 hetorum
637 3175 780 3234 librorum
808 3175 969 3234 doctrinam
995 3173 1134 3246 magicum
1163 3175 1334 3248 explicantis
1355 3178 1412 3246 Zu-

257 3277 397 3336 roestrica
419 3277 482 3334 sive
503 3276 541 3334 de
563 3277 654 3350 magis
667 3277 742 3334 libri.
766 3277 900 3336 Hecataei
915 3276 1076 3350 Pyrrhonei
1092 3275 1259 3350 philosophi
1275 3283 1412 3336 estuans

257 3385 369 3438 mntem
401 3379 476 3436 liber
504 3378 540 3436 de
566 3377 777 3452 Hyperboreis,
812 3379 864 3452 qui
890 3385 922 3438 ut
948 3379 1045 3451 ipsum
1075 3387 1279 3451 argumentum
1306 3379 1412 3452 probat

256 3478 478 3552 philosophicus
501 3477 599 3553 potius
621 3479 675 3538 luit
697 3493 785 3552 quam
808 3480 974 3539 historicus.
1296 3487 1301 3498 '

338 3581 401 3642 tem
428 3595 499 3640 vero
524 3579 570 3640 his
596 3579 878 3656 pseudepigraphiae
910 3580 939 3638 in
967 3581 1051 3640 libris
1078 3581 1234 3641 clarissimi
1261 3581 1408 3656 cuiusque

255 3681 383 3742 auctoris
404 3681 509 3741 obviae
530 3681 673 3755 exemplis
695 3681 881 3754 praemissis,
912 3681 972 3740 veri
993 3683 1153 3744 admodum
1176 3683 1272 3742 simile
1294 3683 1411 3744 ridetur

255 3801 352 3858 neque
380 3782 543 3844 Aristotelis
576 3783 661 3845 euius
694 3785 925 3858 quadringentos
958 3783 1051 3846 luisse
1083 3785 1174 3844 libros
1202 3792 1230 3843 et
1256 3786 1302 3844 vel
1328 3785 1408 3846 mille

253 3893 392 3948 mserum
423 3884 508 3944 eliam
542 3883 685 3946 rationem
718 3901 785 3944 esse
817 3899 914 3958 eoque
945 3883 1040 3959 magis
1073 3885 1249 3959 scriptorum
1276 3887 1408 3948 cuiusvis

253 3988 372 4063 generis
386 4000 389 4010 ¹
404 3989 479 4046 lama
512 3994 647 4047 meatum
680 3987 772 4046 luisse
806 4001 875 4046 erim
902 4004 961 4061 qao
987 3995 1102 4052 ceteros
1129 4003 1233 4048 omnes
1259 3995 1289 4048 et
1313 3989 1409 4062 gloria

251 4079 440 4152 eatecelleret
471 4098 501 4148 et
531 4089 726 4163 polymathiae
759 4089 854 4148 laude.
900 4088 1032 4157 Quorum
1066 4105 1142 4162 quae
1175 4104 1254 4149 nunc
1284 4105 1408 4165 quoque

252 4200 353 4253 estam
378 4190 540 4266 specimina
567 4196 732 4264 comparate
758 4205 825 4250 oum
852 4191 902 4252 illa
928 4207 1016 4266 quana
1043 4190 1131 4250 cenis
1158 4191 1295 4264 reusque
1321 4193 1407 4254 libris

253 4296 479 4368 studiorumque
506 4292 627 4352 historia
654 4291 733 4350 ducti
756 4300 854 4352 mente
880 4294 1073 4354 informemus
1100 4291 1269 4367 scriptionis
1292 4294 1407 4354 Aristo·

252 4396 353 4458 remae
386 4396 514 4470 imagine
547 4393 726 4468 persuadent
752 4401 784 4454 at
810 4409 914 4457 omues
941 4395 1001 4454 lere
1028 4393 1120 4454 libros
1147 4410 1223 4468 qnos
1250 4405 1408 4458 recensent
