3036 5164
734 439 736 443 ,
799 363 862 426 roe

259 540 390 598 medicos
413 555 531 615 quoque
552 545 585 599 ut
606 539 684 613 apud
707 521 1110 611 philosophos-aeraripsroc
1126 543 1232 589 nomeu
1247 530 1282 588 da
1295 523 1410 586 animae

260 641 454 701 instrumento
480 646 653 716 usurpatum
681 639 712 697 ln
739 638 844 697 caloris
875 633 965 694 innati
993 649 1081 707 quem
1109 621 1284 714 ἐπίκτητον
1312 623 1411 704 potius

259 743 362 802 rolant
384 744 460 818 (Gal.
474 741 504 816 7,
518 741 595 816 614)
617 743 711 803 ricem
734 739 864 800 succedit
887 751 1021 812 quaeque
1043 733 1189 793 Aristoteli
1206 733 1413 804 calorisopera

229 920 233 936 Α
262 845 365 904 eadem
393 846 514 922 spiritus
541 845 715 906 Erasistrato
742 842 899 916 (Sprengel
916 837 945 912 1,
962 835 1033 898 544.
1058 853 1112 896 nr.
1136 827 1274 911 ζωτικὸν
1295 841 1330 892 et
1349 837 1414 914 ψυ-

260 939 356 1023 χικὸν
377 947 477 1008 Galen.
495 943 524 1021 5,
540 945 612 1008 281.
634 945 665 1019 8,
681 941 753 1006 714.
771 941 843 1004 760.
872 943 907 1001 61.
931 941 1018 1000 Arist.
1042 940 1079 997 16
1100 952 1179 1012 resp.
1201 936 1219 997 6
1247 923 1415 1018 θερμότης

263 1040 410 1132 ζωτική),
437 1050 543 1109 caloris
570 1049 654 1124 quasi
677 1048 904 1106 instrumentum
926 1039 1029 1117 (7361)
1045 1037 1102 1113 35)
1131 1055 1198 1098 eum
1225 1037 1292 1114 ipso
1322 1035 1416 1094 calore

262 1149 395 1209 eiusdem
417 1151 498 1210 verlii
520 1167 578 1210 usu
600 1149 790 1208 contendenti
814 1147 865 1220 (ol.
890 1147 925 1206 de
949 1147 1002 1203 166
1024 1141 1197 1201 contusione
1218 1139 1349 1198 maxime
1365 1137 1416 1195 Ga·
1478 1127 1479 1160 ¹

263 1251 363 1310 lenum
386 1250 438 1324 11,
454 1247 573 1326 73066.
608 1251 689 1312 Alex.
712 1253 801 1326 Apim.
825 1251 862 1308 16
884 1249 956 1307 ielrr.
977 1247 1007 1317 4,
1023 1245 1053 1303 2.
1077 1245 1113 1302 16
1142 1241 1285 1316 sanguine
1314 1237 1417 1298 caloris

266 1353 351 1426 quasi
376 1353 511 1414 vehiculo
533 1355 620 1413 Arist.
649 1356 686 1412 16
712 1361 784 1428 part.
809 1367 854 1410 an.
878 1349 907 1422 2,
924 1349 959 1421 4)
993 1380 1034 1390 —
1069 1352 1098 1404 et
1129 1343 1226 1401 solent
1259 1341 1322 1400 lere
1356 1345 1418 1413 post

267 1453 375 1536 Summi
403 1456 554 1530 scriptoris
587 1456 844 1529 praeceptorisque
876 1447 1027 1525 ingenium
1060 1445 1091 1504 in
1116 1441 1267 1504 vocabulis
1294 1441 1417 1500 maxime

267 1536 512 1616 rerum‘rliversis
546 1556 752 1631 sermonisque
779 1572 835 1616 usu
863 1549 932 1612 liee't
958 1551 1060 1610 eadem
1087 1563 1190 1607 revera
1215 1545 1363 1605 sententia
1384 1543 1418 1600 sit

268 1660 405 1712 auctores
427 1635 584 1729 sequentes
614 1659 730 1718 differre
752 1673 807 1729 -3
839 1669 937 1729 neque
958 1651 1129 1711 Aristoteles
1157 1649 1238 1708 licet·
1253 1649 1280 1706 ei
1304 1659 1418 1720 quoque

269 1753 405 1812 animalia
436 1764 469 1814 ut
497 1739 617 1818 naturae
650 1777 698 1819 res
727 1773 830 1817 omnes
863 1756 940 1815 aeris
968 1755 1145 1812 elementum
1178 1761 1280 1826 gerant
1314 1747 1416 1822 quippe

269 1855 382 1916 humidi
405 1857 587 1918 exhalatione
614 1863 752 1920 continuo
780 1866 880 1918 natum
908 1853 1028 1930 spiritus
1057 1854 1227 1928 operatione
1246 1851 1280 1910 in
1301 1849 1417 1926 physio·

269 1957 347 2030 logia
369 1960 501 2034 eorporis
524 1961 657 2019 animalis
680 1960 872 2019 describenda
893 1956 985 2017 utitur
1006 1964 1093 2030 atque
1116 1956 1236 2013 omnino
1259 1950 1308 2012 vix
1332 1947 1417 2011 obiter

272 2056 321 2115 116
347 2057 406 2118 illie
437 2053 476 2122 τὸ
505 2059 636 2140 πνεῦμα
668 2063 760 2136 tangit
793 2054 846 2133 (τό
881 2048 1053 2140 σύμφυτον
1073 2055 1147 2129 741,
1162 2054 1193 2116 3.
1230 2057 1267 2115 61.
1283 2053 1356 2126 728,
1372 2051 1414 2111 16.

272 2155 361 2218 7281)
377 2157 427 2220 28.
443 2158 527 2220 7411)
542 2159 592 2222 37.
609 2161 748 2234 74214.
765 2159 886 2222 77511.
910 2163 977 2220 hist.
988 2175 1033 2218 an.
1050 2155 1080 2229 7,
1096 2155 1125 2218 7.
1142 2155 1215 2231 586,
1232 2153 1282 2218 15.
1304 2157 1414 2216 llleteor.

273 2253 348 2331 366,
367 2255 418 2319 15.
434 2260 600 2336 22--30),
637 2263 727 2322 immo
753 2265 772 2321 l.
803 2265 839 2322 16
866 2277 971 2320 somno
999 2263 1039 2333 (6.
1056 2259 1085 2318 2.
1101 2275 1130 2334 p.
1147 2257 1219 2332 456,
1236 2258 1287 2319 11.
1304 2257 1361 2331 17)
1384 2245 1415 2314 τὸ

273 2349 446 2443 σύμφυτον
474 2362 605 2442 πνεῦμα
635 2366 765 2424 solorum
799 2362 968 2422 animalium
1001 2363 1144 2436 sanguine
1177 2361 1339 2422 carentium
1365 2355 1416 2429 (io-

273 2469 421 2523 seetorum
445 2467 516 2539 etc.)
550 2474 579 2525 et
605 2476 788 2540 eomparatur
814 2473 843 2526 et
870 2465 1027 2540 opponitur
1054 2471 1218 2523 ceterorum
1240 2455 1416 2535 respirationi

274 2563 408 2636 spiritum
430 2575 572 2642 perpetuo
595 2569 745 2628 renovanti
769 2570 813 2641 (et
825 2568 943 2643 quidem
955 2557 1120 2650 θύραθεν,
1137 2579 1315 2640 quamquam
1326 2573 1417 2621 revera

275 2664 306 2722 in
335 2668 423 2725 eorde
450 2668 487 2727 sil
514 2656 533 2750 ἦ
562 2657 641 2752 ἀρχὴ
669 2666 729 2730 τοῦ
755 2661 943 2746 πνεύματος
971 2667 989 2726 1.
1014 2684 1041 2726 a.
1068 2667 1270 2742 respirationis
1293 2683 1320 2724 v.
1337 2662 1364 2724 7.
1385 2659 1416 2718 ts·

274 2763 348 2839 472,
365 2765 406 2828 23
428 2770 465 2827 16
487 2786 555 2828 aere
578 2771 607 2829 in
631 2774 748 2831 sordem
771 2778 942 2846 penetrante
965 2772 1000 2828 ei.
1024 2769 1092 2828 hist.
1109 2785 1155 2828 au.
1173 2767 1202 2842 1,
1219 2767 1269 2829 16.
1288 2765 1337 2828 17.
1354 2763 1381 2838 3,
1392 2759 1415 2821 3.

276 2866 348 2941 513,
365 2867 436 2945 35);
470 2874 549 2946 quod
577 2873 655 2932 idem
688 2871 831 2946 repetitur
863 2871 899 2930 de
921 2871 1023 2945 respic.
1041 2870 1071 2943 9,
1105 2872 1134 2930 in
1158 2888 1217 2946 quo
1239 2872 1314 2932 libro
1337 2879 1416 2944 quum
1480 2919 1481 2936 ,

275 2979 374 3045 parata
408 2989 525 3047 semper
557 2975 673 3033 occasio
707 2983 786 3033 esset
814 2990 974 3048 numquam
1004 2973 1040 3032 de
1067 2974 1188 3048 spiritus
1215 2973 1264 3032 tali
1288 2969 1416 3046 (lignitate
1480 2991 1481 2994 ¹

277 3071 396 3143 dicitur,
419 3076 455 3133 61.
479 3075 565 3134 etiam
588 3076 655 3134 hist.
679 3091 725 3133 an.
741 3077 772 3148 4,
788 3075 817 3136 9.
835 3071 922 3135 5351)
937 3073 1053 3146 4-11,
1087 3077 1124 3134 16
1146 3083 1218 3151 part.
1243 3089 1290 3135 an.
1306 3069 1335 3146 3,
1351 3068 1416 3131 tir.

277 3173 314 3231 de
326 3189 391 3247 gen.
405 3189 451 3232 an.
469 3173 498 3248 5,
514 3175 543 3235 2.
561 3171 633 3250 781,
649 3177 699 3236 24.
746 3177 832 3246 Quod
854 3176 943 3252 igitur
964 3175 1112 3236 Aristoteli
1134 3177 1240 3236 dicitur
1261 3162 1418 3257 θερμότης

275 3267 400 3358 ψυχικὴ
434 3291 509 3350 quae
542 3277 620 3337 inest
653 3277 771 3352 quidem
800 3280 879 3337 omni
906 3268 1071 3356 πνεύματι
1104 3279 1157 3351 (16
1180 3293 1246 3352 gen.
1269 3290 1315 3336 an.
1331 3275 1359 3349 3,
1375 3269 1416 3332 11.

277 3373 351 3448 762,
367 3376 418 3438 20.
434 3373 521 3458 7621)
538 3377 587 3440 17.
605 3377 634 3454 3,
651 3377 680 3441 3.
697 3375 784 3442 7361)
801 3377 851 3442 35.
869 3383 904 3440 61.
921 3377 993 3454 736,
1010 3380 1045 3454 1)
1072 3379 1091 3437 1.
1117 3395 1142 3438 6.
1170 3393 1223 3452 per
1245 3395 1340 3438 aerem
1361 3373 1418 3436 uni·

275 3489 394 3544 versum
417 3479 590 3541 diffunditur
611 3482 721 3541 aetheri
744 3484 864 3543 coelesti
887 3481 1018 3557 arralogia
1041 3481 1166 3555 quadam
1180 3481 1295 3553 similis,
1312 3497 1346 3539 ex
1360 3488 1418 3537 aere

277 3595 346 3640 vero
368 3596 422 3655 per
444 3583 601 3642 animantia
613 3583 710 3643 omnia
722 3585 813 3644 fertur
824 3583 957 3660 eorporis
969 3584 1107 3642 omnihus
1119 3583 1250 3658 partibus
1263 3585 1316 3657 (de
1326 3583 1379 3641 vita
1389 3577 1418 3649 4)

279 3689 310 3740 et
331 3683 437 3742 semini
460 3681 635 3758 (736135)
658 3685 783 3746 inditum
805 3687 979 3760 animaeque
1001 3685 1165 3745 inserviens
1178 3682 1281 3757 (7361)
1293 3681 1419 3756 29611).

279 3782 308 3841 id
331 3783 428 3856 ipsum
451 3786 594 3850 seriorum
616 3774 847 3848 usum'seeutus
868 3789 935 3848 libri
952 3789 988 3847 de
1003 3795 1085 3846 motu
1100 3791 1202 3845 auctor
1217 3783 1286 3844 11611
1301 3778 1418 3860 πνεῦμα

278 3874 451 3970 σύμφυτον
476 3891 666 3966 corporisque
694 3899 723 3950 et
749 3891 863 3949 animae
889 3890 1031 3950 rationem
1058 3887 1290 3964 physiologioam
1317 3888 1354 3948 ita
1376 3897 1420 3942 ex·

279 3989 379 4064 prlmit
406 3995 438 4049 ut
464 3991 596 4065 spiritus.
614 3991 662 4052 ille
685 3994 752 4066 igne
775 3991 894 4065 quidem
920 3991 1035 4066 gravior
1057 3987 1145 4064 (763,
1161 3985 1232 4063 23),
1260 3991 1354 4049 calore
1377 3981 1419 4043 11-

278 4193 400 4253 immoto
426 4195 592 4254 subiectum
620 4195 658 4255 sit
683 4195 911 4255 instrumentum
942 4195 972 4255 in
996 4195 1083 4254 corde
1111 4193 1200 4252 situm
1222 4207 1344 4252 morena
1364 4199 1418 4248 mo·

279 4285 409 4369 tumque.
462 4295 633 4357 necaretius
667 4299 703 4356 16
736 4297 824 4357 huius
857 4298 979 4373 spiritus
1012 4294 1236 4356 conservatione
1269 4289 1356 4367 (703,
1375 4285 1417 4347 10·

279 4386 329 4468 τίς
353 4392 413 4474 μὲν
436 4385 493 4460 ot'a
518 4387 539 4478 ἡ
562 4387 709 4480 σωτηρία
736 4397 795 4460 τοῦ
823 4388 997 4483 coppinos>
1025 4385 1214 4474 πνεύματος
1241 4385 1366 4478 e'e'pqtot
1391 4379 1419 4448 ἓν
