3072 5164
833 353 875 416 50

280 529 439 589 Saintes-
452 531 486 588 el.
511 528 650 588 &collon
672 525 748 586 libro
770 523 1061 600 praemissum—tn
1082 523 1187 584 seluta
1202 522 1346 584 rhetorica
1355 521 1441 580 con-

282 629 541 703 stantinopolitana
564 643 721 688 successor
743 627 806 700 luit,
823 628 858 686 el.
873 627 973 701 Steph.
983 626 1051 700 Dyr.
1064 642 1087 684 s.
1105 612 1344 705 Memnonem),
1360 623 1442 684 Petri

281 730 396 790 Patrieii
419 731 536 806 (steph.
560 731 591 789 D.
615 747 639 790 s.
657 719 803 802 Ἀκόναι,
827 731 864 788 cl.
889 728 995 788 Heium
1018 729 1049 788 in
1072 728 1176 802 Saript
1199 733 1256 786 ret.
1280 741 1347 786 ner.
1368 725 1442 784 coll.

282 832 306 890 ll
327 847 355 905 p.
372 828 434 892 571
446 835 529 907 sqq.)
543 833 689 892 alienun.
736 831 832 900 Quum
859 845 927 890 rero
954 829 1083 890 Eudoeia
1110 847 1147 890 err
1172 829 1278 888 eodem
1299 825 1442 900 Hesychii

282 933 495 1007 Ouornatologo
527 935 605 1008 apud
628 933 805 1008 Byzantinos
837 931 1000 993 clarissimo
1026 930 1248 1003 lectissimoque
1268 927 1343 988 ritas
1365 926 1444 986 scri-

281 1041 399 1108 ptorum
425 1036 556 1096 hauserit
580 1036 621 1094 ita
647 1042 680 1093 ut
701 1037 789 1096 ruodo
816 1035 883 1110 plus
910 1034 998 1092 medo
1024 1031 1123 1092 minus
1150 1037 1322 1104 excerperet
1348 1045 1442 1102 quam

283 1135 400 1208 Suidas,
423 1137 511 1194 ruodo
535 1136 585 1196 uhi
607 1136 672 1209 ipse
694 1137 792 1196 hrevis
819 1142 900 1198 esset
920 1133 1085 1209 Hesychius
1106 1133 1183 1194 idem
1207 1132 1295 1192 amhn
1315 1130 1444 1192 exhihe-

283 1243 358 1308 rent,
386 1237 462 1296 sicut
482 1245 599 1311 praeter
618 1237 798 1312 Hesychium
825 1239 890 1313 ipso
912 1236 999 1297 etiarn
1022 1236 1151 1310 Diogene
1173 1235 1349 1294 Philostrato
1372 1232 1443 1294 aliis
1526 1303 1527 1308 ἵ

284 1338 332 1398 usi
360 1346 430 1398 sunt
454 1339 556 1412 amhn,
593 1355 629 1398 ex
663 1339 756 1398 tubus
789 1340 834 1400 his
869 1338 1110 1413 epitomatorihus
1138 1336 1227 1396 Suida
1253 1335 1384 1396 {induem
1411 1342 1444 1395 et
1526 1339 1527 1360 ¹

284 1440 487 1500 recentissimo
515 1441 772 1516 Pseudohesyehio
803 1442 928 1514 aliisque
954 1440 1037 1500 lihris
1064 1438 1230 1514 Byzantinis
1257 1436 1442 1511 Hesychium

285 1540 395 1602 secutis
418 1542 635 1615 quodammodo
655 1543 819 1617 Hesychius
841 1543 906 1617 ipso
928 1541 1043 1602 restitui
1063 1549 1161 1616 potest
1175 1556 1235 1600 non
1250 1539 1316 1598 siue
1330 1554 1443 1612 magno

286 1643 405 1718 quidem
433 1643 608 1704 Graecarum
636 1644 797 1703 litterarum
826 1643 965 1704 historiae
992 1644 1191 1704 emolumento
1217 1649 1304 1714 atqua
1332 1657 1444 1714 purga-

285 1745 374 1804 tione.
416 1744 469 1806 Hie
498 1759 569 1818 ergo
597 1745 759 1820 Hesychius
788 1744 914 1804 indicem
943 1744 1083 1819 Diogenis
1104 1743 1273 1816 exscripsit,
1296 1757 1443 1804 numeros

285 1846 428 1906 librorum
437 1859 512 1920 quos
522 1846 612 1906 lalsos
622 1847 872 1921 putaritcorrexit,
885 1861 960 1919 quae
973 1846 999 1904 ei
1012 1846 1122 1906 omissa
1137 1861 1206 1906 esse
1217 1843 1443 1906 ridebantur—

287 1947 344 2008 nisi
368 1948 442 2008 lorte
463 1947 652 2021 integriorem
674 1948 761 2008 uehis
774 1946 1371 2020 servaritLaerdum-exsuitemporis
1384 1961 1442 2006 no-

284 2049 348 2109 tllia
369 2055 398 2108 et
413 2047 539 2109 tentione
560 2048 592 2108 iu
607 2049 666 2110 line
681 2050 800 2110 addidit
838 2051 871 2108 lu
887 2049 996 2122 quihus
1012 2050 1166 2110 advertunt
1180 2049 1442 2124 pseudepigrapha

284 2149 331 2208 illa
354 2149 496 2223 temporis
518 2150 668 2224 Byzantini
691 2159 720 2211 et
734 2151 890 2210 lectionem
904 2161 934 2211 et
948 2151 1080 2212 criticum
1095 2150 1235 2210 iudicium
1251 2150 1440 2223 illustrantia,

284 2265 409 2324 quorum
436 2252 555 2323 quidem
580 2251 747 2326 Geoponics
775 2251 923 2314 aristoteli
942 2261 1013 2314 tune
1034 2252 1180 2326 adscripta
1202 2253 1358 2312 electione
1380 2253 1442 2328 By-

283 2350 399 2412 rentina
420 2351 449 2414 in
472 2352 599 2412 Arabum
621 2369 740 2427 quoque
762 2368 849 2414 usum
872 2354 1058 2416 transierunt.
1104 2354 1294 2428 Theophrasti
1316 2369 1441 2429 qnoque

283 2439 409 2513 indicem
432 2467 469 2514 ert
492 2454 523 2514 D.
546 2455 579 2512 t.
608 2455 714 2514 sumsit
739 2455 917 2530 Hesychius,
945 2455 1060 2516 initium
1087 2457 1194 2518 Suidas
1221 2457 1355 2518 servarit
1402 2460 1441 2520 Et
1527 2513 1528 2538 ,

283 2553 403 2612 omnino
435 2554 465 2617 iu
492 2555 573 2616 libris
606 2564 759 2616 auctorum
791 2557 982 2618 recensendis
1012 2559 1139 2620 maxima
1165 2559 1314 2620 curiosum
1341 2559 1439 2622 luisse

282 2653 460 2728 Hesychium
483 2671 520 2718 ert
542 2657 632 2718 Suide
654 2657 832 2732 intelligitur.

366 2755 429 2820 lam
451 2757 540 2832 igitur
565 2758 772 2834 disputationis
798 2762 954 2822 universae
981 2777 1096 2822 summa
1122 2763 1194 2822 haec
1221 2772 1276 2824 est.
1320 2765 1439 2828 ludices

280 2856 423 2918 librorum
442 2858 608 2922 Aristotelis
631 2861 744 2934 primus
766 2864 835 2923 lecit
857 2863 1041 2924 Andronicus
1063 2864 1094 2926 iu
1116 2864 1199 2924 lihris
1222 2861 1298 2939 quos
1315 2867 1438 2941 scripsit

281 2959 319 3020 de
344 2959 531 3034 philosophie
555 2961 730 3022 Aristotelis.
779 2967 858 3026 ldern
891 2965 951 3040 egit
982 2973 1085 3041 postea
1117 2967 1302 3028 Ptolemaeus
1327 2968 1437 3032 incerti

281 3060 424 3134 temporis
461 3063 657 3136 philosophus
692 3064 851 3124 Andronici
888 3065 985 3128 iudice
1021 3068 1132 3142 passim
1164 3076 1289 3143 mutato,
1326 3072 1437 3132 cedern

279 3169 377 3224 meren
404 3163 547 3226 librorum
574 3164 774 3226 lundenses.
819 3167 862 3226 Ex
887 3166 1056 3230 Andronico
1082 3170 1198 3243 repetiit
1224 3171 1254 3230 in
1281 3188 1437 3234 commen-

278 3262 559 3338 marcioneus,
593 3281 630 3326 ert
659 3282 718 3341 quo
745 3268 905 3342 Diogenes,
939 3285 974 3330 ex
1002 3288 1061 3346 quo
1088 3273 1260 3348 Hesychius
1309 3276 1437 3338 Exstant

277 3379 357 3428 nune
389 3381 509 3440 quoque
540 3368 653 3428 indices
680 3369 819 3444 Diogenis
846 3377 876 3430 et
901 3371 1048 3447 Hesychii
1095 3373 1158 3434 lant
1190 3391 1260 3434 rero
1292 3376 1434 3438 ridemus
1528 3359 1529 3378 ἶ

275 3482 364 3539 quarn
386 3467 496 3530 incerta
519 3470 558 3530 sit
579 3469 711 3530 omnium
733 3470 793 3530 lere
815 3473 920 3533 hnrurn
942 3473 1083 3534 librorum
1103 3475 1271 3549 auctoritas,
1293 3477 1433 3541 ridemus

274 3584 334 3630 non
357 3587 447 3644 posse
468 3571 515 3632 his
539 3570 658 3644 quidem
680 3571 827 3634 indicibus
851 3575 935 3646 qnasi
958 3575 1008 3648 qui
1032 3575 1090 3636 sint
1104 3576 1292 3638 Alexandrini
1307 3581 1432 3654 probari

151 3682 154 3688 ’
273 3669 415 3732 hhrornm
438 3672 648 3746 antiquitatem,
671 3674 780 3734 nedum
803 3676 1003 3736 securitatem
1030 3693 1105 3752 quae
1127 3679 1184 3738 ianr
1208 3687 1339 3754 ternpore
1361 3682 1432 3742 Ari·

271 3771 368 3834 stotali
401 3773 536 3846 proximo
567 3773 676 3835 l'imasi
698 3775 761 3838 scil.
796 3785 933 3850 suspecte
961 3787 1020 3851 est,
1054 3781 1173 3854 probari
1198 3789 1296 3842 autem
1323 3797 1431 3848 revere

270 3871 404 3946 amlogta
426 3877 489 3936 sola
511 3883 541 3936 et
560 3875 625 3950 ipsa
647 3877 759 3939 ratione
782 3879 870 3952 longe
890 3887 959 3940 ante
973 3880 1174 3944 Andronicum
1187 3890 1321 3957 ternpore
1330 3891 1429 3958 atque

268 3973 298 4034 in
321 3973 395 4047 ipsis
416 3976 631 4040 Alexandrinae
652 3979 802 4042 doetrinae
823 3980 915 4040 initiis
937 3990 967 4043 et
988 3984 1114 4057 scriptos
1136 3999 1205 4046 esse
1220 3992 1250 4044 et
1262 3984 1427 4061 inscriptos

265 4077 414 4150 plurimos
436 4079 588 4142 clementa.
1009 4091 1014 4102 “

350 4178 593 4255 Comparnatihus
620 4183 707 4242 nchh
735 4197 838 4244 eonrm
863 4179 1005 4248 librorum
1032 4188 1176 4248 rationem
1202 4204 1279 4262 quos
1308 4188 1426 4250 Aristo-

261 4282 328 4344 telis
356 4297 424 4344 esse
451 4293 480 4344 et
508 4285 572 4358 ipsa
599 4291 758 4359 perpetuae
789 4286 923 4350 lectionis
949 4305 1007 4362 que
1035 4290 1141 4350 serrati
1175 4299 1245 4350 suut
1272 4291 1364 4365 gloria
1392 4303 1425 4354 et

260 4383 407 4446 scribendi
430 4383 658 4460 disputandique
680 4385 840 4448 similitudo
863 4390 1047 4465 dignitasque
1069 4399 1218 4454 assermot
1240 4407 1307 4454 eum
1329 4393 1416 4458 lihris
