3024 5162
807 369 869 433 186

266 543 325 603 Sed
351 545 387 602 de
414 541 460 602 his
493 543 617 617 aliisque
644 542 807 602 Aristotelis
840 545 1024 617 aliorumque
1051 541 1228 600 Graecorum
1261 545 1410 597 auctorum

265 645 347 706 libris
379 645 641 720 pseudepigraphis
675 644 819 718 Arabicis,
858 661 933 720 quos
970 645 1006 703 ad
1039 642 1263 718 Byzantinarum
1293 639 1411 714 quidem

265 747 425 809 litterarum
451 749 616 820 historiam,
643 762 703 806 non
729 761 800 805 vero
826 747 862 804 ad
885 745 1106 820 antiquissimos
1129 743 1196 803 illos
1218 739 1411 802 Alexandrina

266 849 323 910 iam
349 857 442 911 aetate
469 853 541 911 ialso
569 851 726 926 inscriptos
755 847 901 922 pertinere
929 863 1032 908 omnes
1058 847 1245 906 manifestum
1268 852 1327 916 est,
1359 842 1412 901 alio

267 959 397 1028 tempore
420 955 628 1030 disputandum
652 953 714 1011 erit.
1117 961 1120 966 ’

350 1057 412 1117 Jam
438 1073 507 1116 vero
537 1057 561 1116 si
584 1057 675 1115 libros
702 1055 768 1114 illos
801 1055 837 1112 de
864 1053 940 1112 victu
977 1058 1007 1110 et
1036 1049 1148 1109 morbis
1182 1051 1219 1109 de
1245 1049 1353 1124 plantis
1379 1047 1412 1105 de

266 1157 412 1234 lapidibus
437 1158 557 1218 omnino
587 1174 645 1218 non
675 1157 792 1232 scripsit
817 1155 990 1215 Aristoteles
1017 1169 1072 1212 nec
1099 1152 1236 1228 physicae
1266 1150 1411 1210 doctrinae

228 1259 234 1267 '
267 1259 421 1320 universae
448 1261 660 1335 expositionem
693 1275 824 1334 unquam
850 1257 989 1330 absolvit,
1022 1262 1116 1314 morte
1144 1255 1207 1347 sola
1232 1271 1301 1314 eum
1323 1254 1412 1313 tuisse

267 1362 439 1437 impeditum
466 1371 545 1438 patet
577 1379 633 1422 nee
659 1363 716 1421 iam
738 1364 822 1421 locus
850 1366 895 1419 est
922 1358 1129 1434 metaphysicis
1151 1357 1234 1417 libris
1255 1361 1323 1432 post
1345 1357 1412 1429 phy·

269 1459 437 1536 sihiogicos.
485 1467 521 1524 Et
552 1480 623 1523 sane
657 1463 775 1538 quidem
809 1475 985 1536 quamquam
1018 1476 1069 1519 eae
1103 1466 1172 1519 sunt
1204 1459 1357 1519 citationes
1387 1463 1412 1515 et

269 1563 542 1640 Metaphpsicorum,
567 1581 641 1642 quae
663 1565 731 1624 licet
753 1580 811 1623 non
836 1563 961 1622 disertae
983 1579 1038 1623 nec
1061 1563 1126 1638 ipso
1141 1563 1207 1621 libri
1224 1561 1411 1622 additotitulo

269 1666 377 1724 multae
403 1669 556 1726 tamenin
579 1667 712 1742 Physicis
740 1665 843 1725 chriae
866 1673 935 1725 snut
967 1667 1019 1740 (cl.
1043 1666 1144 1724 Bonitz
1168 1664 1279 1724 domm.
1302 1664 1368 1740 pt
1388 1669 1412 1720 11

268 1763 1006 1843 11111111118112619828.22819111),
1041 1776 1070 1826 11
1102 1769 1294 1844 physicorum
1328 1768 1411 1825 libro·

268 1882 393 1944 rumque
415 1871 659 1946 subsequentium
682 1871 800 1946 quaein
816 1870 1029 1945 Metaphysicis,
1053 1879 1086 1930 ut
1101 1872 1137 1930 de
1151 1869 1293 1946 temporis
1308 1870 1411 1929 1111111

269 1970 342 2029 nihil
376 1972 444 2032 inde
475 1973 584 2032 efficias
606 1989 666 2032 une
689 1975 762 2032 lorte
784 1974 851 2032 loco
874 1979 995 2046 excepto
1016 1973 1103 2048 Phys
1120 1971 1150 2046 1,
1166 1971 1196 2034 9.
1217 1970 1290 2046 192,
1305 1967 1344 2032 35
1367 1968 1409 2044 qui

269 2073 317 2132 vix
343 2075 432 2134 ullam
459 2075 611 2134 admittere
640 2073 851 2134 dubitationem
876 2074 958 2133 visus
986 2083 1030 2134 est
1055 2056 1208 2148 omnibus,
1236 2075 1300 2149 ipsa
1320 2081 1408 2132 tamen

269 2175 295 2234 si
318 2177 479 2248 perlustras
501 2177 622 2250 Physica
650 2190 743 2248 eaque
776 2191 851 2250 qnae
878 2177 973 2249 primo
995 2177 1121 2236 maxime
1148 2179 1222 2238 libro
1245 2175 1408 2236 universalia

270 2275 347 2334 dicta
369 2284 438 2335 sunt
459 2277 722 2352 Metaphysicorum
746 2284 950 2350 argumentum
971 2294 1059 2354 saepe
1079 2281 1236 2354 tangentia,
1260 2279 1285 2338 si
1300 2277 1407 2354 physica

270 2376 378 2452 scripta
400 2394 475 2453 quae
498 2387 662 2453 sequuntur
683 2377 804 2453 reliqua,
832 2379 858 2438 si
880 2379 984 2438 librum
1008 2381 1046 2440 de
1068 2381 1173 2456 anima,
1196 2397 1245 2441 res
1267 2381 1308 2441 ihi
1328 2387 1408 2439 meta·

175 2527 178 2532 .
269 2480 406 2558 physicas
427 2479 630 2554 terminosque
652 2482 817 2541 sexcenties
840 2481 975 2541 invenies
1002 2497 1070 2542 esse
1092 2491 1251 2558 usurpatos
1274 2495 1408 2557 saepeque

271 2597 346 2657 quae
368 2583 398 2640 in
420 2581 626 2656 Metephysicis
649 2581 746 2642 dedita
769 2599 858 2658 opera
880 2586 1117 2645 demonstrantur
1138 2587 1177 2644 ita
1199 2587 1246 2645 hic
1259 2581 1407 2661 argumenti

270 2686 363 2744 instar
385 2682 512 2743 adhibita
534 2682 619 2756 quasi
641 2680 699 2742 illis
721 2685 890 2744 memoratis
912 2692 1013 2760 utpote
1036 2689 1173 2747 omnihus
1195 2688 1253 2746 iam
1275 2689 1348 2748 notis
1364 2699 1405 2744 res

270 2787 367 2846 omnis
390 2786 568 2858 conficiatur,
591 2786 711 2844 alteram
733 2786 860 2860 denique
882 2787 957 2846 hanc
979 2771 1199 2865 secundamque
1213 2790 1407 2851 videbisthco·

270 2890 376 2949 reticeo
403 2887 606 2964 philosophiae
632 2896 743 2962 partem
767 2905 782 2948 e
804 2888 898 2963 prima
919 2889 1117 2966 philosophia,
1145 2893 1176 2956 id
1198 2895 1279 2968 quod
1301 2909 1335 2953 ex
1354 2891 1407 2964 ipsa

269 3009 301 3052 re
324 3007 392 3052 esse
414 2999 501 3066 patet,
525 2991 773 3064 fundamentoque
795 2992 994 3068 metaphysico
1021 3009 1120 3054 revera
1148 2997 1284 3070 pendere
1305 3006 1407 3055 omnem

269 3095 398 3168 indeque
420 3109 518 3151 rerum
544 3093 730 3166 physicarum
758 3094 861 3154 deduci
889 3096 1029 3169 plurimas
1057 3105 1085 3156 et
1107 3099 1293 3158 definitiones
1319 3103 1345 3156 et
1364 3111 1407 3153 cx·

269 3194 456 3270 plicationes,
489 3200 522 3252 ut
548 3191 668 3252 minime
695 3209 729 3252 ex
758 3209 793 3252 eo
821 3197 885 3255 solo
908 3196 937 3257 id
965 3199 1096 3258 derivare
1122 3201 1221 3274 possis
1255 3199 1332 3274 quod
1356 3203 1407 3256 tcta

270 3298 327 3356 iam
349 3296 442 3371 prima
463 3295 649 3370 philosophia
676 3296 803 3370 perfecta
831 3305 859 3356 et
885 3307 982 3358 mente
1009 3301 1136 3360 auctoris
1163 3303 1309 3362 elaborata
1334 3295 1406 3374 quasi

269 3397 499 3474 interspieiatur:
521 3413 582 3457 non
605 3398 684 3457 enim
706 3399 806 3458 lectori
828 3400 982 3480 ignoranti.
1016 3403 1088 3462 Nam
1104 3411 1137 3462 ut
1147 3405 1279 3480 exempla
1292 3403 1405 3470 alierum

269 3501 417 3563 simultis
439 3501 535 3562 modis
559 3499 614 3560 diei
637 3517 729 3560 unum
752 3504 849 3574 (taceo
873 3502 950 3562 enim
975 3505 1010 3563 de
1034 3513 1100 3564 ente
1116 3507 1152 3565 de
1167 3521 1226 3580 quo
1241 3485 1406 3574 idemseepe

268 3613 301 3666 ut
328 3613 431 3665 notum
453 3603 613 3665 assumitur
633 3599 932 3675 1111118521111.
957 3607 991 3664 ei.
1015 3624 1090 3666 max.
1107 3603 1193 3668 3361)
1209 3607 1265 3682 29)
1287 3603 1406 3681 legista

269 3709 441 3784 simpliciter
463 3723 550 3781 saepe
572 3705 702 3778 positum
724 3707 772 3779 (ut
787 3705 874 3783 Phys.
891 3705 921 3781 1,
938 3707 966 3766 2.
984 3703 1071 3770 1851)
1087 3707 1115 3769 6.
1133 3707 1161 3781 5,
1178 3707 1207 3767 4.
1224 3706 1354 3771 22713.
1375 3705 1406 3763 11

178 3869 182 3872 ,
268 3827 314 3887 an.
330 3809 403 3891 2,1.
419 3805 622 3881 41218111.)
646 3806 707 3867 sive
730 3825 766 3866 ex
788 3809 930 3884 principio
955 3813 1034 3885 quod
1055 3819 1161 3872 vocant
1182 3807 1406 3872 contradictionis

268 3913 364 3980 omnis
387 3911 554 3988 dialecticae
576 3911 767 3970 fundamento
790 3913 981 3972 celeberrimo
1008 3914 1050 3974 rei
1074 3916 1226 3974 cniusdam
1248 3913 1405 3974 refutandae

268 4023 473 4092 argumentum
496 4014 554 4088 peti
578 4013 671 4086 (velut
692 4015 778 4090 Phys.
794 4011 825 4088 8,
842 4011 871 4074 5.
887 4011 976 4074 2571)
992 4014 1042 4077 10.
1067 4017 1103 4074 11
1115 4031 1161 4074 an.
1178 4013 1208 4088 3,
1224 4015 1254 4076 2.
1270 4009 1403 4076 411111.

203 4129 205 4134 ’
267 4113 722 4192 4115-1111111111)
751 4117 813 4176 sive
841 4133 899 4190 quo
925 4117 1004 4176 illius
1031 4117 1158 4177 rnaxime
1185 4119 1346 4178 illustratur
1364 4129 1405 4172 re·

267 4225 336 4283 ritas
359 4228 388 4280 11
410 4236 468 4294 qua
489 4217 600 4277 ratione
622 4219 713 4279 multa
735 4228 763 4278 11
786 4219 930 4278 contraria
954 4228 1052 4280 tamen
1074 4235 1141 4280 esse
1164 4234 1253 4293 posse
1275 4221 1406 4280 uuumet

267 4327 345 4384 idem
368 4319 541 4393 ostenditur,
564 4321 710 4395 potentiae
732 4329 760 4380 11
782 4328 864 4380 actus
887 4321 1044 4381 discrimen
1071 4339 1124 4397 per
1150 4329 1239 4382 totam
1263 4325 1322 4384 lere
1343 4321 1406 4396 phy·

268 4423 356 4486 sicam
381 4422 521 4484 dominari
555 4438 649 4498 eoque
672 4437 730 4482 non
758 4424 976 4498 physiologicos
1004 4425 1217 4484 solumlihros
1246 4432 1275 4484 et
1296 4437 1406 4500 gencra-
