3024 5162
730 377 791 436 244

187 554 236 626 551
254 555 348 630 ipsius
366 563 459 616 aetate
482 559 574 628 (anno
586 549 756 610 Diocletiani
770 543 831 607 281
854 547 872 603 1.
887 561 911 602 5.
931 549 998 616 post
1021 538 1126 598 Christ.
1140 529 1200 595 565
1224 533 1343 642 olymp.

187 671 231 728 ap.
254 657 323 718 ld.l
343 675 372 733 p.
388 655 461 719 186.
486 673 545 730 555
566 655 667 714 cadem
692 667 759 710 aera
782 649 870 708 utitur
892 639 1088 717 Philoponus:
1118 637 1235 711 scripsit
1260 645 1344 692 emm

189 771 294 816 comm.
318 760 348 818 iu
371 759 458 835 Phys.
482 791 523 802 -
544 756 568 816 51
586 757 625 813 ita
642 762 720 813 recte
736 754 817 826 legas
833 751 938 809 falsum
955 760 1109 804 numerum
1127 737 1189 801 333
1207 771 1247 780 -
1263 748 1345 794 anno

169 857 406 922 1115512333
421 879 449 935 p.
475 860 541 919 Chr.
560 855 632 928 517,
655 856 746 915 libros
769 861 867 912 contra
881 849 973 910 Procl.
988 855 1055 921 post
1067 863 1092 905 5.
1110 845 1140 903 ll.
1154 839 1259 902 245:
1269 836 1344 906 529,

190 965 293 1032 postea
315 963 432 1022 demum
456 977 507 1022 sex
531 963 596 1020 illos
617 974 692 1034 quos
716 953 882 1028 Simplicius
906 949 1088 1024 5555511515
1112 963 1216 1005 comm.
1233 945 1268 1004 ad
1283 942 1347 1016 pri-

191 1077 272 1120 mum
296 1065 332 1123 de
348 1065 437 1124 Coelo
461 1073 490 1124 et
512 1066 609 1123 denuo
632 1068 734 1136 postea
757 1057 786 1114 in
810 1071 914 1114 comm.
939 1054 975 1111 56
997 1053 1083 1126 Phys
1108 1058 1240 1110 octavum
1260 1060 1348 1120 prae·

193 1162 269 1223 clare
292 1167 423 1225 relutaus
446 1165 597 1238 castigavit
619 1196 659 1203 —
683 1161 718 1218 51.
744 1158 810 1217 Sch.
835 1157 880 1214 llr.
898 1154 969 1226 472,
986 1152 1028 1213 32
1051 1185 1090 1195 —-
1118 1153 1154 1210 dc
1176 1148 1347 1209 aeternitate

65 1301 68 1306 ι
193 1264 294 1323 mundi
320 1272 422 1326 contra
451 1266 637 1326 Aristotelem
664 1261 756 1319 lihros
783 1258 936 1332 prolusos:
964 1273 1037 1331 5555
1064 1269 1168 1314 omnes
1191 1268 1346 1336 πραγμα-

192 1354 285 1436 τείας
312 1367 348 1426 65
371 1368 475 1427 eadem
502 1363 675 1441 quaestione
702 1359 828 1418 senioris
855 1359 911 1418 iam
940 1365 1104 1432 sequuntur
1131 1363 1243 1431 septem
1268 1347 1350 1434 περὶ

194 1459 419 1542 κοσμοποιΐας
445 1458 542 1550 λόγοι
569 1467 604 1526 51.
628 1461 717 1539 prael.
741 1477 768 1534 p.
785 1457 849 1520 473
871 1461 917 1520 56.
942 1459 1089 1532 65115565
1122 1465 1255 1516 mortuus
1278 1470 1349 1514 esse

194 1566 310 1625 videtur
324 1584 349 1626 5.
366 1585 392 1627 5.
409 1567 488 1630 560:
512 1565 630 1640 scripsit
653 1564 732 1623 enim
755 1564 812 1622 iam
834 1562 959 1622 maxime
983 1577 1073 1621 senex
1097 1560 1249 1634 epistolam
1264 1560 1351 1618 theo-

196 1669 320 1742 logicam
347 1685 401 1744 pro
423 1668 694 1746 Monophysitarum
722 1664 866 1724 sententia
900 1664 937 1723 ad
958 1663 1154 1723 Justinianum
1177 1662 1244 1736 imp.
1273 1677 1351 1735 quae

195 1776 289 1828 exstat
312 1771 440 1845 Syriaco,
464 1771 567 1830 otllal
591 1768 726 1843 Spicileg.
750 1767 833 1826 llom.
851 1767 896 1837 lll,
912 1763 1031 1840 73955.
1055 1772 1082 1825 et
1105 1764 1347 1823 Assemauillihl.

197 1869 299 1930 orient.
316 1873 338 1946 l,
354 1869 433 1946 465)
456 1878 629 1948 apparuerat
651 1876 781 1927 cometae
804 1867 945 1939 meminit,
974 1866 1003 1926 in
1027 1867 1118 1926 libros
1141 1868 1177 1924 de
1200 1881 1296 1941 gener.
1321 1875 1352 1925 et

197 1987 271 2031 corr.
300 1975 379 2033 etin
403 1974 495 2034 lihros
518 1975 554 2032 dc
576 1973 687 2044 anima,
721 1987 797 2045 quos
825 1983 928 2029 omues
956 1968 985 2026 in
1009 1981 1174 2027 sermonem
1197 1969 1353 2028 Arabicum

198 2087 357 2135 conversos
390 2081 419 2136 et
452 2076 508 2135 suh
543 2073 767 2149 (Al->Maoidori
801 2073 920 2132 nomine
954 2088 970 2128 5
1009 2069 1135 2129 librariis
1168 2073 1243 2130 male
1276 2066 1353 2132 lecto

198 2176 321 2237 latentes
344 2177 553 2253 Olympiodoro
578 2177 654 2236 hene
680 2176 807 2236 restituit
838 2175 954 2247 lloepcr
980 2171 1134 2232 Lectiones
1157 2173 1352 2251 dhulpharag.

202 2277 312 2337 Gedani
339 2277 425 2341 1844
441 2306 444 2312 <
459 2295 485 2353 p.
508 2278 558 2336 24.
609 2278 703 2335 llnius
737 2276 825 2350 igitur
857 2275 1067 2348 Prolegomena
1100 2276 1138 2332 dc
1169 2277 1355 2352 philosophia

201 2379 362 2456 Porphyrio
395 2379 557 2456 praemissa
591 2377 620 2436 in
649 2379 711 2437 suis
738 2378 833 2452 ipsius
861 2375 993 2451 Prolegg.
1028 2375 1133 2451 philos.
1161 2379 1240 2438 omui
1268 2395 1356 2454 argu·

202 2485 301 2537 mento
324 2473 481 2541 simillimis
505 2479 662 2553 exscripsit
684 2479 774 2538 David
797 2481 942 2537 Armenus
965 2477 1015 2553 qui
1031 2480 1270 2555 olympiodorum
1286 2482 1355 2540 citat

202 2581 269 2640 Sch.
293 2579 344 2655 16,
360 2583 412 2644 40.
435 2579 558 2642 14533
581 2581 632 2654 (ci.
650 2579 701 2653 16,
718 2579 760 2640 10
771 2597 835 2654 sqq.
853 2601 887 2630 =
903 2579 932 2653 9,
948 2577 1062 2655 7555.)
1091 2589 1120 2641 et
1141 2599 1217 2641 max.
1233 2579 1298 2648 131)
1314 2580 1357 2644 43

203 2680 381 2761 epigramma
408 2684 555 2757 quoddam
583 2684 619 2742 de
646 2682 775 2742 Platonis
801 2681 957 2741 Phaedone
986 2682 1161 2744 Callimacho
1189 2687 1357 2760 oppositum

204 2781 413 2859 Olympiodoro
436 2785 572 2844 tribuens
595 2786 675 2866 quod
697 2785 773 2844 idern
790 2783 962 2858 Anonymus
985 2784 1034 2844 ille
1056 2786 1216 2861 sibiipsi
1240 2787 1359 2867 (Olym-

202 2885 326 2958 piodoro
348 2887 451 2962 igitur)
480 2887 617 2960 vindicat,
642 2888 677 2946 cl.
702 2886 769 2945 Sch.
793 2882 837 2945 71)
853 2885 895 2946 20
917 2877 981 2968 ἐγώ
1004 2876 1222 2952 6556555515
1243 2883 1358 2974 ἐκείνῳ

204 2987 396 3060 (Callimacho
409 2991 467 3062 55.)
480 2979 567 3072 φημί
575 2997 641 3063 etc,
664 2989 784 3050 omnino
796 2988 868 3047 illud
880 2989 910 3048 in
921 2989 1087 3050 Phaodouis
1100 3001 1358 3054 commentatorem

205 3091 280 3150 hene
303 3093 451 3166 quadrans
474 3092 559 3163 (Son.
576 3089 606 3164 7,
619 3089 659 3153 33
682 3098 784 3150 auctor
806 3091 911 3150 librum
936 3108 1022 3176 suum
1046 3092 1108 3151 sive
1131 3095 1357 3169 disputationem

206 3192 274 3250 citat
296 3187 376 3276 περὶ
399 3184 588 3274 αἱρέσεων);
612 3195 647 3252 ol.
672 3194 756 3253 etiam
771 3191 816 3252 65
832 3189 882 3253 30.
927 3193 1016 3253 Plane
1039 3193 1126 3254 simili
1149 3197 1238 3257 modo
1260 3199 1286 3258 is
1308 3201 1359 3275 qui

205 3294 305 3354 Daridi
328 3297 358 3354 in
382 3297 479 3370 Categ.
504 3294 657 3369 (30516)
685 3296 790 3355 dicitur
817 3283 835 3356 ὁ
858 3282 1016 3376 ἡμέτερος
1043 3286 1247 3373 διδάσκαλος
1273 3302 1308 3372 (1.
1333 3320 1358 3362 5.

207 3395 449 3474 olympiodorus)
482 3399 595 3474 syriani
630 3399 666 3457 de
703 3398 859 3458 Phaedone
893 3398 1092 3472 epigrammati
1127 3401 1209 3475 quasi
1239 3405 1359 3478 parodia

207 3501 345 3573 opposuit
377 3503 526 3576 proprium
555 3503 591 3561 65
614 3503 660 3558 45.
686 3501 860 3574 categoriis:
895 3500 979 3560 cuius
1006 3501 1061 3561 loci
1090 3504 1263 3564 sententiam
1287 3508 1361 3568 miro

206 3603 295 3661 modo
327 3605 456 3679 corrupit
484 3605 637 3664 Neumann
667 3601 781 3677 Syriani
811 3603 986 3676 discipulum
1015 3617 1081 3663 5555
1104 3606 1200 3664 dicere
1223 3608 1361 3670 Davidem

208 3705 322 3778 fingens
352 3705 452 3779 (Mem.
477 3725 529 3767 sur
550 3707 640 3766 llnvid
663 3723 690 3779 p.
708 3704 757 3764 62.
793 3706 828 3762 ol.
852 3721 880 3778 p.
899 3701 948 3764 19.
966 3702 1016 3766 37.
1033 3701 1083 3766 82.
1100 3704 1167 3780 87).
1222 3710 1362 3772 Eiusdem

209 3807 408 3881 olympiodori
442 3812 550 3870 dictum
584 3809 652 3868 citat
678 3807 860 3882 Philoponus
888 3809 1018 3882 aequalis
1044 3809 1075 3866 in
1103 3809 1209 3884 Porplr.
1234 3813 1269 3870 ls.
1293 3815 1362 3877 Sch.

211 3907 262 3979 11,
279 3908 329 3969 43.
376 3911 515 3986 Sequitur
542 3911 650 3972 55516
674 3911 751 3984 quod
779 3910 824 3968 vol
852 3911 916 3983 ipsa
942 3911 1015 3970 ratio
1043 3919 1071 3969 et
1092 3911 1213 3970 historin
1235 3919 1366 3987 postulat

210 4012 355 4074 Davidem
378 4029 437 4073 non
465 4013 557 4086 quinti
586 4012 676 4073 seculi
705 4013 798 4072 luisse
825 4013 918 4096 Procli
946 4015 1095 4086 aequalem
1126 4022 1154 4073 ot
1177 4015 1365 4094 discipulum,

210 4114 239 4172 id
267 4119 344 4189 quod
379 4124 457 4175 certe
491 4133 527 4174 ex
554 4115 648 4176 Procli
675 4115 823 4174 mentione
851 4115 917 4174 Seli.
943 4116 971 4174 iu
996 4115 1092 4190 Categ.
1110 4115 1160 4188 22,
1179 4114 1221 4177 23
1243 4121 1365 4184 minime

211 4219 344 4291 sequitur
366 4220 417 4292 (ol.
441 4219 564 4278 Brandis
587 4218 729 4290 nusloger
752 4220 779 4277 d.
797 4219 864 4291 tlrg.
878 4235 906 4291 p.
921 4216 982 4278 295
1000 4221 1035 4276 65
1052 4219 1213 4293 Philopone
1228 4221 1365 4284 Proolum

211 4337 269 4378 555.
294 4321 479 4380 Ammonium
504 4321 608 4380 citante
632 4321 697 4378 Soli.
716 4315 865 4392 14533),
889 4321 1060 4394 praesertim
1084 4339 1173 4396 qnnru
1198 4323 1261 4396 ipso
1274 4325 1367 4388 115516

211 4425 298 4482 huius
322 4424 496 4497 discipulum
521 4424 589 4482 cilot
610 4425 795 4482 Ammonium
832 4422 876 4495 (in
902 4424 961 4482 Cat.
977 4423 1042 4483 241)
1060 4424 1094 4498 6)
1123 4441 1177 4484 555
1199 4429 1281 4500 prius
1306 4431 1369 4490 lore
