3024 5162
648 389 711 462 123.

96 558 268 620 necessaria
296 562 474 636 speculantis
501 563 658 639 tigmentis.
712 567 772 626 Nec
798 566 824 626 si
851 565 1007 641 cogitasset
1036 565 1133 623 loeusx
1147 561 1252 623 fuisset

95 668 167 734 post
189 661 312 738 Physica
340 673 440 726 morte,
463 667 624 744 1616116616
650 669 876 731 theoreticamm
899 667 1118 742 disciplinarum
1140 663 1251 724 tertiae.

96 761 283 839 Quapropter
304 767 421 841 spurios
443 769 536 830 luisse
563 788 666 836 omnes
694 789 801 832 censeo
830 771 880 847 qui
902 770 1066 830 Aristotelis
1089 769 1253 828 secundum

93 865 210 926 indices
232 868 390 931 Andronici
414 878 443 930 et
464 872 622 934 Ptolemaei
645 875 813 936 serebantur
841 877 918 950 apud
941 883 1054 934 veteres
1077 873 1168 931 lihros
1191 887 1253 932 166-

91 971 277 1046 1666611666,
301 987 318 1030 6
341 973 448 1047 6611666
471 985 725 1051 commentatores,
750 980 799 1053 qui
821 979 866 1037 vel
890 993 924 1036 ex
938 977 1003 1052 1666
1015 977 1077 1036 6616
1088 972 1252 1034 Aristotelis

93 1074 272 1136 theoreticae
305 1075 509 1152 philosophiae
542 1078 685 1140 divisione
719 1078 950 1156 (1161661651.
974 1080 1010 1138 61.
1035 1087 1109 1138 6661.
1133 1074 1251 1149 111610,

93 1171 124 1236 3.
143 1176 178 1250 4)
202 1179 238 1236 de
261 1179 472 1240 mathematicis
495 1181 559 1240 eius
583 1175 699 1258 scriptis
725 1185 860 1260 persuasi
884 1192 966 1244 erant
993 1182 1044 1256 (cl.
1068 1181 1159 1241 David
1180 1181 1251 1238 Pro-

92 1281 170 1354 legg.
194 1280 331 1356 61611),
355 1297 407 1342 666
431 1284 492 1343 1616
515 1286 596 1348 66166
619 1285 708 1346 611661
729 1282 1083 1360 (666166612534.
1101 1283 1202 1358 Simpl.
1219 1281 1251 1342 16

94 1381 156 1442 Cat.
180 1383 198 1477 1.
216 1379 251 1458 3)
274 1400 350 1459 quos
372 1401 451 1446 nunc
474 1403 591 1462 quoque
614 1389 748 1464 legimus,
772 1407 812 1450 sc.
836 1390 1001 1450 Mcehanica
1025 1390 1073 1448 illa
1096 1395 1124 1447 et
1143 1385 1250 1445 lihrum

92 1479 258 1569 περὶτῶν
280 1475 592 1572 dao'povppappatv
615 1491 665 1565 (61.
690 1493 762 1552 Ptol.
787 1495 886 1553 Wenr.
903 1490 981 1566 143)
1005 1493 1040 1551 ah
1064 1490 1129 1548 aliis
1155 1490 1250 1548 Theo·

92 1591 215 1663 phrasto
238 1591 417 1666 adscriptum
447 1593 494 1666 (ll.
510 1595 543 1653 L.
560 1591 589 1667 5,
606 1593 647 1652 42
670 1594 700 1654 16
723 1595 782 1656 ind.
806 1594 975 1668 Andronici,
999 1595 1034 1654 61.
1059 1591 1197 1652 Themist.
1222 1595 1251 1647 et

94 1691 224 1768 Simplic.
249 1695 285 1753 de
308 1696 390 1754 coelo
404 1696 470 1756 Soh.
483 1697 531 1755 Β1.
548 1695 634 1761 otoo
651 1695 717 1772 11),
740 1701 776 1758 ad
799 1707 933 1758 neutrum
947 1698 1071 1756 16116666
1083 1693 1249 1768 pertinens:

94 1795 280 1856 Aristotelem
303 1799 391 1871 enim,
414 1799 464 1874 qui
487 1817 648 1876 numquam
674 1801 705 1860 in
727 1801 888 1860 refutandis
912 1799 1094 1872 singolorum
1117 1796 1250 1871 philoso-

96 1899 219 1970 phorum
252 1901 406 1961 sententiis
440 1903 637 1977 singularibus
665 1910 743 1962 16616
771 1903 854 1976 66616
877 1917 950 1961 6666
974 1908 1033 1973 661,
1068 1915 1128 1958 666
1151 1898 1249 1972 ipsum

97 2001 170 2060 lihro
192 2004 332 2078 peculiari
360 2004 458 2078 egisse
481 2007 516 2064 de
539 2006 645 2080 placito
672 2007 721 2064 illo
744 2005 960 2064 Platonicorum
986 2005 1061 2076 (nou
1084 2001 1162 2060 enim
1184 2001 1250 2058 Pla-

96 2104 174 2164 tonis
196 2113 250 2178 661,
273 2106 323 2180 qui
346 2114 377 2167 ut
400 2108 485 2167 docet
506 2107 640 2168 Timaeus
662 2127 691 2183 6.
705 2105 772 2168 536
792 2109 898 2182 dogma
921 2105 993 2164 illud
1010 2102 1248 2162 mathematicum

93 2223 154 2266 non
178 2208 274 2268 solum
295 2210 330 2269 ad
353 2210 503 2285 physicam
531 2213 673 2271 theoriam
696 2226 857 2285 6661666616
885 2209 962 2267 61661
989 2207 1085 2265 166616
1107 2203 1248 2264 Platonici

92 2311 225 2372 adhibuit
257 2314 309 2372 sed
332 2329 369 2372 ex
391 2313 455 2389 ipsa
478 2315 646 2376 definitione
669 2313 873 2374 mathematica
895 2309 1028 2382 semovit,
1056 2325 1115 2368 non
1139 2323 1193 2381 per
1215 2323 1249 2367 se

91 2414 203 2488 aliquid
226 2432 293 2475 esse
315 2424 457 2490 punctum
483 2433 521 2476 ne
548 2417 710 2478 definitioni
739 2416 857 2491 quidem
881 2415 1063 2483 concedam,
1091 2427 1193 2470 verum
1216 2417 1249 2466 ut

92 2517 131 2576 ait
152 2517 325 2578 Aristoteles
348 2520 524 2595 principium
546 2519 640 2578 116666
664 2518 799 2578 dictitans
822 2517 851 2576 id
874 2518 954 2591 quod
975 2531 1168 2575 vocamus—·
1191 2527 1247 2572 uos

92 2637 133 2680 sc.
166 2621 304 2696 discipuli
332 2630 361 2681 et
389 2622 515 2682 maxime
544 2623 723 2682 Xenocrates
751 2653 794 2664 -
822 2612 883 2695 τὰς
918 2607 1063 2696 ἀτόμους
1095 2604 1248 2700 γραμμάς

91 2724 126 2784 61.
152 2723 277 2800 11616611.
295 2723 324 2799 1,
341 2724 369 2786 9.
387 2723 458 2799 992,
475 2725 526 2799 20,
559 2726 595 2784 de
618 2741 677 2799 quo
705 2727 770 2784 loco
799 2722 904 2783 erravit
926 2739 993 2780 oum
1016 2722 1121 2779 6616116
1144 2719 1247 2777 Bonita

91 2827 204 2888 domm.
228 2826 483 2904 6122666166
506 2830 611 2888 docent
633 2828 741 2902 quihus
764 2825 899 2886 inlibris
921 2817 1058 2899 genuinis
1081 2821 1152 2880 illud
1170 2820 1248 2878 1616-

91 2931 163 2991 tavit
185 2933 221 2992 61.
245 2934 282 2992 de
305 2933 387 2992 coelo
404 2928 433 3004 3,
450 2929 479 2990 1.
503 2933 540 2990 de
563 2929 699 2990 sensuli.
723 2930 760 2988 de
782 2945 848 3004 gen.
862 2936 902 3002 61
924 2942 998 2986 corr.
1016 2925 1045 2998 1,
1063 2925 1091 2984 2.
1105 2918 1247 2983 316617

90 3045 119 3095 61
142 3035 180 3094 ad
203 3051 291 3109 quem
312 3037 411 3095 locum
437 3043 498 3094 1166
525 3032 565 3091 1111
595 3040 727 3107 66661661
748 3032 835 3106 Phys.
853 3027 928 3102 6,1.
965 3027 1067 3101 061166
1093 3027 1140 3084 his
1168 3023 1248 3084 addit

89 3139 183 3200 David
205 3126 320 3198 16661.
336 3135 386 3211 25,
403 3134 443 3198 35
478 3138 512 3195 61.
537 3135 675 3196 Alexand.
699 3130 1045 3205 16111616661610466.
1082 3126 1246 3203 Olympiod.

89 3245 130 3302 ih.
148 3244 170 3316 l,
187 3239 258 3302 171.
282 3243 336 3302 Vit.
360 3243 456 3301 Noun.
480 3259 508 3316 p.
525 3239 567 3298 24
590 3238 754 3313 similisque
776 3236 852 3296 tituli
874 3236 947 3308 (‚‚de
960 3231 1116 3308 Speculo”)
1141 3230 1248 3289 librum

90 3347 148 3406 suh
172 3344 336 3406 Aristotelis
363 3345 482 3405 nomine
509 3344 682 3403 translatum
710 3341 844 3414 legebant
866 3337 977 3396 Arabes
1005 3331 1158 3408 (Casmil,
1175 3329 1247 3392 306.

89 3446 417 3520 6661166161174)
451 3456 480 3507 61
509 3455 613 3522 666166
638 3443 733 3504 Latini
766 3441 913 3514 (Vincent.
938 3438 1046 3496 Bellov.
1072 3437 1155 3508 Spec.
1179 3433 1247 3492 hist.

89 3551 120 3628 3,
137 3549 182 3612 84
203 3558 302 3626 „extat
324 3551 403 3611 enim
425 3551 499 3610 liher
520 3549 570 3624 qui
594 3547 700 3607 dicitur
721 3543 905 3620 perspectiva
927 3538 1106 3599 Aristotelis''
1130 3553 1167 3596 ex
1189 3551 1247 3612 quo

89 3665 192 3716 166166
220 3656 283 3730 1666
310 3653 382 3714 nihil
410 3651 556 3727 excerpsit
581 3651 662 3712 Vino.
689 3649 720 3708 in
749 3649 833 3722 Spec.
861 3652 918 3705 nat.
947 3659 1002 3704 666
1030 3641 1124 3714 magis
1152 3640 1249 3714 Roger
1363 3719 1366 3725 Ι

88 3760 169 3818 11666
193 3757 350 3818 Ptolemaei
374 3757 545 3832 Opticorum
566 3757 642 3814 hene
665 3767 784 3827 gnarus.
808 3752 843 3810 61.
867 3750 998 3810 Walther
1019 3746 1126 3820 Burley
1144 3743 1250 3803 devita

89 3861 201 3937 philos.
225 3875 249 3919 6.
264 3855 314 3920 53.
337 3859 467 3918 Ν66666.
482 3853 812 3930 66111611616129)
834 3855 913 3913 unde
936 3857 1072 3925 excerpta
1089 3849 1250 3924 fragmenta

89 3967 174 4040 legas
207 3965 286 4038 apud
311 3963 568 4022 Bartholomaeum
590 3959 745 4035 Anglicum
778 3957 827 4030 (11.
853 3956 914 4014 ord.
938 3954 1008 4012 min.
1033 3967 1092 4012 sec.
1108 3951 1186 4024 lllll)
1219 3948 1249 4007 in

92 4083 183 4143 66616
200 4065 270 4126 olim
283 4066 474 4125 celeberrimo
487 4065 678 4140 aequalisque
691 4058 836 4121 Vincentii
851 4057 977 4132 Speculo
988 4054 1112 4114 naturali
1127 4065 1251 4127 prorsus

92 4169 246 4254 similide
268 4170 494 4244 proprietatibus
520 4183 619 4228 rerum
647 4165 696 4224 uhi
725 4165 761 4223 de
783 4161 848 4222 visu
870 4161 929 4234 agit
952 4168 980 4219 61
1002 4157 1107 4223 oculis
1120 4162 1149 4214 et
1171 4154 1251 4212 colo·
1354 4152 1357 4162 '

92 4276 187 4347 11666,
221 4275 266 4332 ed.
289 4273 442 4359 Arg'entor.
467 4267 549 4330 1485
572 4272 592 4329 l.
609 4271 645 4328 lll
667 4285 691 4328 6.
709 4265 774 4340 7‚V
797 4281 821 4324 c.
840 4263 868 4338 6,
885 4264 949 4324 lllll
963 4261 1053 4337 61661.
1078 4260 1113 4320 61.
1130 4255 1250 4318 1666616

92 4378 246 4453 (Pecham,
268 4373 401 4448 †1294)
435 4373 563 4449 archiep.
592 4372 725 4433 Cantuar.
754 4369 940 4444 Perspeetivn
968 4363 1133 4424 communis
1153 4359 1182 4434 1,
1198 4359 1250 4419 44.

92 4479 146 4544 46.
163 4479 193 4556 2,
209 4475 260 4542 33.
275 4474 411 4540 51-54.
429 4473 469 4538 56
493 4477 538 4538 ed.
562 4476 666 4538 Facias
689 4474 840 4534 Cardenus
863 4488 888 4530 s.
911 4486 936 4530 a.
960 4472 979 4529 l.
1015 4465 1202 4542 (Mediolani)
1223 4469 1253 4523 et

139 4607 205 4655 11666
222 4599 252 4652 de
264 4596 330 4652 libris
343 4593 483 4650 Aristotelis.
1007 4567 1049 4631 13
