3072 5164
797 342 867 404 ,ts

270 515 451 606 ὁμογενῶν,
474 524 562 592 ete),
597 533 656 576 uno
689 516 795 575 deinde
829 513 912 572 titulo
946 511 1165 583 coniunguntur
1191 522 1248 566 nee
1272 505 1360 580 igitur
1385 519 1423 562 ex

268 626 371 684 ordine
393 623 573 696 alphabetico
597 621 751 678 excedunt.
797 616 932 676 Ceterum
954 621 1033 687 patet
1055 626 1115 670 non
1138 610 1234 668 soluat
1257 605 1423 666 Aristotelis

268 727 395 786 iudicem
419 724 471 782 sed
495 731 522 782 et
544 727 657 780 ceteros
685 727 835 778 auctorum
862 715 1047 789 antiquorum
1076 712 1214 770 librorum
1244 709 1329 782 copia
1350 707 1425 766 iusi-

269 828 370 902 gaium
393 840 469 898 quos
491 822 574 897 ponit
597 820 741 894 Diogenes
764 817 956 893 Theophrasti
980 813 1137 888 Speusippi
1160 810 1331 871 Xenocratis
1343 807 1427 867 Anti-

270 927 383 987 athenis
411 925 550 998 (aliorum
577 922 654 980 euim
682 920 836 994 potissima
861 927 973 979 tantum
1002 932 1035 976 se
1063 929 1220 988 excerpere
1246 911 1316 970 dicit
1346 910 1428 968 velrrt

270 1028 441 1100 Heraclidis,
464 1025 597 1098 Epicuri)
625 1036 763 1095 magnum
791 1036 947 1080 numerum
974 1033 1076 1094 gerere
1103 1018 1177 1076 talso
1205 1011 1425 1085 inscriptorum.

271 1133 377 1204 Ingens
401 1127 480 1188 enim
503 1125 556 1184 luit
578 1123 821 1198 philosophorum
850 1123 906 1180 boe
931 1129 1062 1194 tempore
1090 1117 1245 1176 multitudo
1274 1115 1325 1188 (cl.
1350 1129 1376 1172 e.
1399 1128 1426 1170 e.

270 1228 478 1304 Peripateticos
501 1227 532 1284 in
553 1223 735 1284 testamentis
757 1223 939 1295 nominatos)
963 1230 991 1280 ct
1014 1225 1110 1282 solent
1131 1223 1191 1280 lere
1213 1225 1290 1277 astra
1312 1215 1430 1274 minora
1531 1300 1532 1305 γ

271 1332 301 1390 in
324 1331 468 1388 maiorum
490 1330 590 1387 lumen
613 1340 797 1384 evanescere.
843 1325 974 1393 Quonim
997 1325 1088 1382 libros
1111 1323 1259 1396 quomodo
1283 1331 1430 1392 gramma-

271 1431 345 1490 ticos
367 1431 468 1489 titulos
490 1429 686 1488 inscribentes
709 1426 735 1484 si
757 1433 808 1484 aut
830 1427 895 1485 sine
910 1426 994 1484 titulo
1009 1431 1059 1484 aut
1073 1425 1147 1482 salso
1162 1423 1200 1481 iis
1216 1420 1303 1486 oblati
1320 1419 1431 1478 luerint

272 1533 440 1591 discernere
466 1529 599 1604 potuisse
626 1524 813 1602 putabimus?
856 1528 975 1586 Accedit
1000 1527 1080 1601 quod
1107 1526 1143 1584 de
1167 1522 1314 1583 Crantoris
1342 1520 1428 1579 libris

273 1635 337 1708 ipse
369 1631 515 1704 Diogenes
550 1630 620 1690 dicit
651 1630 696 1703 (t,
717 1628 774 1701 24)
808 1630 992 1705 quorundam
1025 1626 1224 1686 auctoritatem
1259 1630 1429 1696 suspectam

273 1734 366 1792 luisse
389 1732 496 1791 criticis
518 1732 683 1803 Arcesilae,
712 1731 761 1803 qui
790 1731 867 1789 idem
890 1714 963 1790 nihil
986 1729 1142 1804 scripsisse
1164 1728 1200 1785 ab
1224 1726 1288 1785 aliis
1311 1723 1428 1794 dicitur,

273 1836 340 1895 illos
374 1833 581 1893 tribuentibus.
638 1832 785 1892 Certiores
822 1832 959 1891 videntur
991 1831 1084 1889 fuisse
1118 1829 1282 1888 Stoicorum
1314 1826 1430 1886 indices

275 1936 406 1996 doctiore
428 1935 458 1993 in
490 1943 624 2010 tempore
646 1943 675 1993 et
702 1933 886 2008 diligentiore
919 1931 1087 2003 viventium,
1122 1930 1189 1988 licet
1215 1930 1244 1988 in
1272 1929 1429 2005 Chrysippi

274 2053 392 2112 quoquc
428 2036 525 2094 indice
562 2023 733 2108 συντάξεις
774 2040 925 2094 enarrante
967 2033 1044 2091 sicut
1083 2020 1207 2108 τόμους
1245 2031 1428 2092 Antisthenis

272 2137 527 2214 pseudepigrapha
549 2139 692 2210 quaedam
713 2143 795 2196 notet
817 2132 863 2208 (7,
878 2131 950 2194 195.
968 2132 1045 2206 196)
1060 2141 1161 2192 auctor
1176 2133 1237 2192 sive
1252 2133 1429 2207 Apollonius

272 2240 376 2315 Tyrius
399 2238 462 2296 sive
484 2237 534 2311 qui
556 2237 639 2295 illum
662 2245 782 2296 secutus
804 2243 859 2296 est.
905 2235 947 2295 ct.
972 2236 1003 2294 D.
1019 2238 1051 2296 L.
1068 2233 1098 2308 t,
1114 2232 1157 2295 34
1179 2236 1216 2294 de
1237 2236 1428 2295 Athenodoro

274 2341 371 2400 Stoico
394 2338 588 2406 bibliothecae
610 2338 806 2412 Pergamenae
828 2337 975 2412 praesecto
998 2338 1048 2412 qui
1071 2339 1173 2398 eadem
1196 2336 1245 2396 illa
1266 2338 1429 2398 Andronici

272 2435 367 2502 aetate
393 2447 546 2500 auctorum
572 2440 736 2498 Stoicorum
765 2441 910 2500 editiones
937 2456 1058 2500 curasse
1079 2441 1202 2499 ridetur.
1248 2427 1334 2508 Quod
1356 2456 1429 2498 vero

273 2547 309 2604 ad
332 2558 510 2617 anonymum
533 2541 615 2600 illurn
638 2542 850 2616 Menagianum‚
875 2557 962 2616 quem
985 2543 1063 2600 unde
1090 2541 1147 2600 sibi
1169 2542 1339 2601 veneritne
1362 2542 1429 2616 ipse

273 2646 392 2720 quidem
415 2643 500 2702 scivit
521 2643 616 2702 editor
637 2644 689 2718 (ei.
713 2644 825 2720 Menag.
850 2643 921 2704 Obs.
944 2643 981 2700 ad
996 2642 1077 2718 lliog.
1093 2659 1122 2716 p.
1135 2641 1223 2716 202),
1247 2659 1338 2718 quum
1361 2644 1429 2704 eius

272 2747 330 2806 vita
356 2744 521 2804 Aristotelis
548 2745 585 2803 ad
611 2747 732 2806 verbum
757 2763 825 2804 cum
853 2745 944 2808 Suida
970 2744 1160 2804 consentiens
1187 2745 1245 2806 nisi
1273 2746 1353 2819 quod
1380 2746 1429 2804 hic

272 2848 397 2908 indicem
424 2846 532 2905 reterre
560 2849 727 2922 supersedit
758 2849 952 2922 fragmentum
978 2847 1125 2920 integrum
1153 2862 1221 2906 esse
1248 2847 1429 2922 intelligatur

272 2950 336 3008 eius
364 2949 491 3009 auctoris
519 2965 577 3023 quo
606 2950 635 3008 in
664 2931 856 3025 scriptoribus
883 2948 1075 3008 recensendis
1102 2948 1289 3022 potissimum
1317 2950 1427 3010 Suidas

271 3066 345 3108 usus
373 3056 431 3122 est,
472 3049 521 3121 qui
556 3049 647 3108 edidit
676 3051 789 3108 lexicon
819 3066 906 3108 suum
941 3051 991 3123 (cs.
1016 3065 1040 3108 s.
1062 3039 1189 3127 Ἀδάμ,
1212 3052 1427 3114 Κωνσταντι-

272 3141 448 3223 rodanim)
473 3150 549 3208 circa
571 3151 659 3209 finem
683 3167 741 3212 sec.
764 3153 789 3210 X
816 3152 924 3210 Basilio
958 3159 987 3210 et
1013 3151 1204 3213 Constantino
1231 3155 1426 3228 regnantibus

270 3248 502 3326 (975-1025),
525 3254 574 3311 ille
597 3267 665 3312 vero
689 3260 721 3311 ut
742 3253 771 3310 in
795 3255 850 3313 hac
871 3253 930 3312 vita
951 3253 991 3312 ita
1012 3253 1042 3312 in
1065 3256 1215 3331 plerisque
1236 3257 1287 3316 ubi
1303 3258 1426 3331 quidem

271 3355 333 3414 fieri
359 3353 455 3428 potuit
480 3353 618 3411 omnihus
646 3369 661 3411 e
684 3353 822 3428 Diogenis
848 3355 954 3415 Laertii
982 3371 1071 3429 opere
1098 3357 1235 3416 hausisse
1262 3359 1427 3433 reperiatur

269 3455 308 3516 ita
334 3464 366 3516 ut
393 3462 444 3514 aut
469 3454 656 3529 biographica
684 3455 869 3516 citationibus
898 3458 1035 3518 omnibus
1063 3458 1183 3518 ourissis
1207 3475 1354 3535 saepeque
1376 3463 1425 3520 rel

270 3558 424 3618 sententiis
448 3556 573 3616 diversis
595 3557 625 3615 in
642 3572 729 3616 unam
746 3558 877 3618 confusis
893 3561 945 3632 (cl.
959 3576 983 3618 s.
996 3549 1140 3641 Κράτης,
1153 3561 1185 3618 ll.
1198 3562 1230 3620 L.
1244 3560 1425 3642 6,87÷88)

269 3661 299 3718 in
321 3659 440 3718 brevius
463 3659 649 3717 contraheret
675 3667 725 3718 aut
746 3659 811 3734 ipsa
832 3661 942 3734 passim
970 3663 1059 3720 verba
1081 3663 1220 3737 lliogenis
1243 3663 1426 3724 exscriberet

270 3759 322 3832 (cf.
346 3761 383 3818 de
405 3767 498 3818 morte
520 3760 700 3834 Pythagorae
714 3781 750 3810 =
764 3762 797 3820 n.
813 3763 846 3820 1..
861 3759 892 3836 8,
908 3759 949 3822 39
972 3771 1001 3821 et
1023 3766 1121 3837 quoad
1143 3765 1310 3826 uniuersam
1333 3765 1424 3824 buius

267 3860 395 3920 auctoris
417 3860 559 3919 rationem
583 3863 716 3936 exempla
737 3864 863 3922 maxime
885 3865 1088 3940 Xenophontis
1110 3867 1268 3942 Pyrrhonis
1292 3868 1424 3929 Socratis

260 3964 447 4038 Pythagorae
460 3964 531 4044 etc.)
551 3965 655 4037 placita
678 3973 775 4026 tamen
798 3973 827 4024 et
849 3966 923 4024 dicta
945 3967 1189 4042 philosophorum
1205 3984 1322 4042 semper
1336 3985 1424 4043 prae-

267 4064 442 4136 termittens,
466 4064 607 4136 quaedam
631 4066 777 4126 interdum
800 4083 875 4125 nova
897 4075 947 4126 aut
968 4068 1066 4142 paullo
1089 4069 1204 4130 diverse
1227 4071 1338 4130 addens
1354 4071 1424 4130 bre-

268 4165 388 4224 vissima
420 4163 537 4237 quidem
570 4167 621 4238 (cf.
646 4183 669 4226 s.
695 4167 869 4240 Carneades,
898 4168 986 4242 Crito,
1015 4171 1125 4241 Crates,
1150 4171 1254 4244 Cebes,
1276 4173 1421 4248 Lacydes,

268 4268 383 4338 Thales,
407 4266 584 4326 Xenocrates
609 4275 662 4328 etc.
686 4277 889 4344 praeterquam
912 4272 992 4344 quod
1014 4272 1078 4345 ipse
1101 4274 1207 4332 Suidas
1230 4290 1319 4348 saepe
1334 4276 1422 4349 plura

269 4385 303 4427 ex
331 4369 454 4428 dirersis
490 4368 682 4442 scriptoribus
715 4380 851 4446 excerpta
879 4388 1061 4446 congregans
1089 4385 1291 4448 argumentum
1320 4387 1421 4450 auget,
