3036 5164
799 315 839 376 96

242 510 268 566 p.
285 487 347 550 372
360 503 414 562 sq.‚
437 488 493 548 alia
517 495 548 548 ut
570 488 634 561 ipso
659 488 740 548 initio
774 477 903 560 ,Φύσις
927 475 955 546 d’
979 478 1013 544 dr
1034 469 1233 564 epitomae?
1261 486 1327 536 cte.
1362 478 1412 535 de·
1497 449 1498 452 Ἴ

154 585 168 612 ⁰
242 596 366 654 claretur
390 588 536 649 volumina
559 605 702 664 sequens,
727 590 762 648 cl.
788 589 888 648 Galen.
916 587 953 646 de
977 584 1183 658 'Xenophontis
1206 578 1413 641 oeconomici

243 695 325 754 initio
347 693 442 765 livill,
460 689 488 763 1,
505 687 567 751 301
584 692 617 750 K.
650 699 779 750 ceterum
802 689 913 750 auctori
935 689 973 747 de
996 687 1091 746 diaeta
1112 681 1361 744 lleraclitissanti
1385 687 1417 739 ut

243 797 327 858 multi
350 795 487 868 aequales
511 793 545 852 el.
569 793 666 854 Prohl.
680 789 731 866 23,
740 789 783 852 30
805 792 959 872 eidemque
981 789 1187 850 Platonissanti
1209 804 1237 860 p.
1254 781 1330 845 639
1358 791 1414 841 etc.
1496 802 1497 813 ¹

244 899 339 960 anima
366 895 467 956 mundi
494 902 540 954 cst
564 894 641 968 ignis
670 894 704 952 cf.
729 895 766 952 de
787 893 916 952 insomn.
938 910 966 967 p.
983 892 1012 951 4.
1036 891 1160 949 Xenoer.
1184 891 1259 948 Plnt.
1289 889 1333 946 de
1361 886 1415 944 iae.

246 1002 305 1060 lun.
322 997 372 1058 29.
396 999 477 1072 Pyth.
502 997 533 1054 lt.
550 998 581 1054 L.
598 993 628 1069 8,
645 993 702 1068 27)
725 1001 862 1066 recteque
884 994 921 1052 ah
944 993 1009 1066 ipso
1031 992 1142 1052 mundo
1171 981 1190 1072 ἦ
1216 978 1331 1073 φύσις
1355 983 1418 1046 τοῦ

245 1092 371 1179 κόσμου
393 1098 590 1172 distinguitur,
614 1097 649 1154 cl.
673 1097 745 1154 Plut.
770 1110 846 1154 mus.
863 1093 913 1153 24.
949 1094 1048 1153 Critol.
1072 1109 1118 1166 ap.
1142 1093 1255 1170 Philon.
1282 1086 1416 1150 94744)

246 1207 297 1279 (ο1.
323 1202 486 1265 Stoicorum
510 1216 555 1273 ap.
569 1199 600 1261 h.
614 1200 645 1258 L.
660 1193 764 1270 7,148
787 1185 806 1277 ἡ
821 1186 975 1279 φύσις-
987 1187 1168 1276 συνέχουσα
1179 1185 1238 1258 τὸν
1249 1183 1416 1270 κόσμον).

247 1311 325 1368 Deus
352 1306 417 1379 ipse
446 1301 476 1360 in
507 1303 616 1360 mundo
648 1307 678 1359 et
706 1307 851 1358 astrorum
873 1297 1026 1358 harmonia
1048 1303 1094 1355 est
1116 1295 1195 1355 velut
1216 1293 1417 1379 κορυφαῖος

247 1405 281 1472 ἐν
300 1402 386 1490 χορῷ
412 1399 647 1477 (locotheta,
665 1397 714 1460 15.
742 1401 778 1458 cl.
804 1400 886 1458 Orat.
911 1399 991 1458 stou.
1008 1395 1038 1469 t,
1055 1396 1096 1457 96
1124 1413 1212 1472 quem
1239 1401 1317 1458 citat
1342 1399 1418 1455 Por-

247 1513 330 1586 phpr.
354 1525 399 1580 ap.
424 1507 509 1582 stou.
530 1506 582 1564 ecl.
600 1502 630 1574 t,
645 1499 702 1574 50)
719 1501 787 1574 7οἰνο
810 1501 839 1560 in
862 1500 936 1559 urhe
958 1489 1059 1576 νόμος
1080 1499 1183 1572 (loct
1199 1499 1228 1560 7.
1244 1499 1299 1561 28.
1321 1501 1418 1559 velut
1497 1568 1498 1577 ρ

249 1613 361 1672 malunt
383 1609 416 1687 fr.
440 1607 520 1682 pyth.
548 1586 649 1683 νόμος
672 1594 819 1686 ἔμψυχος
841 1619 893 1662 rex
916 1602 1029 1676 Diotog.
1045 1599 1097 1675 48,
1115 1601 1154 1662 61
1172 1606 1258 1676 etc.);
1295 1617 1417 1662 munus

249 1716 275 1774 ei
297 1719 344 1772 est
365 1698 385 1793 ἡ
410 1697 555 1789 σωτηρία
578 1705 746 1766 harmoniae
773 1705 873 1778 (cuius
896 1705 960 1778 ipse
983 1719 1071 1762 eausa
1087 1712 1152 1776 est,
1184 1693 1203 1786 ἡ
1226 1703 1295 1766 τῶν
1323 1696 1417 1768 ὅλων

249 1805 416 1893 nonacrim}
441 1799 532 1870 αἰτία
544 1805 631 1868 3971)
647 1807 676 1868 9.
690 1807 763 1881 400,
778 1804 828 1880 13,
852 1808 887 1867 el.
901 1795 1018 1886 συνοχή
1036 1807 1106 1866 Phil.
1121 1805 1247 1868 94137
1265 1817 1296 1868 et
1315 1809 1412 1868 Oceli.
1497 1800 1498 1803 ’

250 1937 294 1994 ap.
320 1917 432 1987 Stoh.);
456 1927 551 1986 eoque
574 1911 638 1984 ipso
661 1911 763 1976 numdi
785 1918 832 1998 est
855 1916 886 1968 ut
908 1898 1039 1990 ἡγεμών
1061 1909 1100 1967 ita
1112 1903 1251 1994 γενέτωρ
1264 1907 1347 1983 399,
1360 1905 1412 1970 31.

248 2011 698 2089 397621(ο1.19ο.9οοο.96ο),
709 2002 853 2096 ἀόρατος
865 2000 910 2074 dlv
923 1999 1014 2092 ἄλλῳ
1023 2004 1113 2094 πλὴν
1123 2007 1271 2096 λογισμῷ
1278 2011 1360 2086 399,
1371 2008 1407 2071 31

249 2123 294 2194 (Τ.
311 2121 343 2178 L.
359 2117 456 2189 ibid),
482 2131 536 2174 nec
558 2115 615 2174 nisi
638 2106 695 2176 arn'
720 2106 914 2178 αὐτῶντῶν
937 2105 1038 2195 ἔργων
1059 2107 1412 2196 (θεοῠὲργα399924.

249 2223 285 2282 cs.
315 2221 397 2282 Onat.
422 2219 502 2276 Stoh.
520 2215 554 2289 1,
575 2216 616 2276 92
634 2221 714 2292 sqq.)
747 2216 927 2302 θεωρεῖται
954 2214 1056 2291 (3995
1079 2204 1148 2291 22).
1196 2217 1292 2290 Magni
1331 2215 1411 2289 regis

191 2325 195 2333 “
249 2323 375 2396 imagine
397 2322 441 2394 (p.
458 2316 558 2392 sesa)
581 2328 610 2378 et
631 2321 813 2400 Pythagorici
837 2321 967 2396 (Archpt
985 2316 1126 2394 43134)
1149 2326 1272 2378 utuntur
1295 2327 1328 2377 et
1345 2331 1413 2376 sae·

249 2425 316 2500 pins
350 2423 431 2482 Philo
463 2422 516 2494 (oi.
540 2423 586 2488 ed.
611 2423 700 2482 rtettr.
729 2425 759 2480 T.
777 2424 812 2482 lll
834 2440 861 2497 p.
880 2420 947 2494 26).
997 2423 1041 2482 Ad
1076 2425 1147 2482 has
1167 2437 1234 2480 vero
1271 2429 1409 2480 veterum

249 2525 506 2599 Peripateticorum
542 2531 570 2582 et
597 2524 838 2584 Academicorum
871 2533 899 2584 et
926 2524 1291 2599 Pseudopythagoreorum
1327 2537 1411 2581 com·

250 2644 355 2688 munes
379 2626 525 2686 doctrinas
554 2625 630 2684 inter
657 2627 770 2686 Stoicos
804 2635 906 2700 postea
940 2626 1026 2686 etism
1053 2623 1230 2686 Posidonius
1258 2641 1275 2683 a
1303 2609 1409 2684 schola

249 2729 406 2790 discedens
429 2743 500 2786 suas
526 2727 688 2787 efformavit
710 2730 886 2800 sententias,
916 2728 965 2802 qui
988 2734 1021 2786 ut
1041 2727 1290 2802 Pythagoreorum
1314 2729 1409 2786 lihros

249 2824 339 2903 novit}
362 2831 401 2888 ita
424 2845 515 2904 quum
539 2830 658 2888 omnino
681 2848 770 2905 saepe
791 2831 946 2924 Aristotele
970 2839 1032 2896 tum
1059 2831 1115 2890 hoc
1136 2832 1173 2889 de
1196 2833 1307 2890 mundo
1332 2831 1408 2890 libro

250 2949 323 2994 usus
346 2947 413 2992 esse
437 2931 666 3004 deprehenditur
688 2941 717 2992 et
740 2934 776 2992 iis
800 2934 919 3007 quidem
946 2949 1021 3007 qnae
1046 2932 1086 2990 ihi
1110 2933 1146 2990 de
1169 2929 1408 3006 meteorologicis

249 3020 425 3110 compendio
454 3029 544 3105 (394,
560 3029 596 3104 3)
630 3036 785 3094 traduntur
818 3037 857 3107 (c.
875 3037 925 3107 4);
964 3035 1032 3094 inde
1065 3033 1145 3092 enim
1165 3023 1347 3094 verbotenus
1381 3037 1408 3090 et

250 3137 351 3196 numdi
380 3133 580 3192 definitionem
609 3135 658 3204 (l).
674 3137 705 3192 L.
724 3133 753 3208 7,
771 3132 834 3196 136
848 3159 883 3187 =
902 3135 989 3198 3911)
1007 3136 1036 3196 9.
1071 3151 1088 3194 e
1109 3137 1267 3196 Posidonio
1294 3132 1406 3212 posteri

248 3239 327 3296 velut
350 3233 567 3308 61οοιοοοοε1,
585 3233 602 3292 1
621 3235 688 3292 init.
711 3237 813 3298 Achill.
838 3241 897 3299 Tat.
922 3242 958 3299 ls
975 3236 1032 3311 65)
1061 3246 1090 3296 et
1111 3239 1193 3297 iridis
1215 3239 1406 3311 fulminisque

249 3354 335 3413 qnam
359 3339 389 3396 in
412 3330 532 3394 brevius
554 3338 697 3396 contraxit
721 3340 767 3412 (l).
788 3342 819 3400 L.
836 3338 865 3413 7,
882 3338 1029 3402 152-53
1045 3363 1081 3392 =
1095 3337 1167 3412 395,
1180 3338 1231 3400 32.
1248 3340 1303 3399 62.
1320 3339 1351 3399 6.
1369 3336 1404 3394 cl·

249 3444 286 3501 de
309 3439 430 3498 cometis
453 3447 507 3498 ete.
523 3434 596 3511 395,
612 3435 668 3513 31)
697 3444 808 3517 recepit
829 3444 877 3502 ille
905 3444 934 3502 in
957 3443 1064 3502 lihrum
1088 3443 1258 3516 inscriptum
1281 3458 1405 3520 μετεω-

248 3534 405 3626 ρολογικὴ
430 3531 638 3617 οτοιχείωοις
661 3561 678 3602 a
699 3545 809 3605 maiore
833 3539 910 3628 περὶ
930 3535 1105 3624 μετεώρων
1132 3561 1220 3618 opere
1244 3545 1402 3604 diversum.

248 3647 378 3707 Eandem
401 3644 503 3702 mundi
527 3643 725 3706 definitionem
749 3663 783 3706 ex
808 3648 965 3708 Posidonio
987 3647 1103 3706 videtur
1125 3649 1173 3707 ille
1196 3645 1342 3708 sumsisse
1355 3643 1403 3720 qui

249 3746 375 3806 confecit
397 3743 543 3817 epitomen
567 3747 716 3808 doctrinae
739 3749 854 3808 Stoicae
876 3749 938 3808 sive
962 3749 1199 3824 Chrysippesein
1212 3748 1400 3809 multisillam

250 3856 278 3908 et
290 3845 416 3906 maxime
438 3852 471 3904 ut
492 3862 545 3920 par
567 3856 613 3906 est
635 3849 664 3908 in
688 3851 891 3910 definitionum
914 3867 1022 3925 genere
1045 3871 1110 3914 enm
1133 3853 1209 3912 libro
1232 3853 1268 3910 de
1290 3852 1401 3910 mundo

249 3950 333 4010 euius
356 3963 411 4006 nec
433 3948 497 4022 ipse
520 3949 643 4010 fortasse
666 3959 769 4010 auctor
790 3953 891 4012 notitia
914 3956 1098 4030 lectioneque
1120 3956 1237 4014 carebat
1258 3950 1402 4026 (othum

249 4049 376 4112 20-22
397 4067 473 4124 quae
495 4068 541 4126 ap.
566 4052 645 4110 Stoh.
669 4053 790 4125 repetita
812 4069 849 4112 ex
871 4057 976 4118 eodem
1000 4059 1063 4117 sine
1087 4057 1176 4118 dubio
1199 4058 1279 4116 fonte
1299 4058 1401 4116 hausta

159 4157 161 4162 '
249 4160 318 4214 suut
352 4154 414 4212 sive
446 4160 566 4212 auctore
600 4155 636 4212 de
663 4156 775 4213 mundo
810 4157 871 4216 sive
897 4159 948 4232 qui
976 4175 1043 4220 eum
1070 4160 1204 4240 sequitur
1229 4159 1401 4229 Posidonim

247 4255 351 4318 tertius
363 4257 447 4314 locus
460 4249 648 4328 οοῑ392,17)
666 4258 900 4320 consentientem
918 4262 1035 4334 (Osann
1050 4259 1399 4336 Beitrttge1‚21l-—l.4).

249 4373 306 4432 qna
333 4373 406 4416 usus
432 4362 477 4415 est
500 4355 644 4414 stobaens
668 4359 720 4416 ecl.
738 4357 766 4432 l,
784 4360 847 4418 444
859 4377 940 4436 sqq„
968 4364 1024 4424 nisi
1053 4365 1126 4424 torte
1153 4363 1327 4437 epitomator
1353 4379 1401 4420 ex·
1495 4392 1498 4403 ·
