3072 5164
692 343 734 408 28

134 531 202 574 narn
229 515 310 590 quod
339 517 383 576 vel
410 514 441 576 in
464 517 604 577 Solonem
633 517 688 576 hoc
716 518 880 578 referebant
907 514 1045 578 convenit
1065 493 1132 576 cunr
1156 529 1191 575 eo
1215 519 1295 590 quod

135 626 220 676 retus
243 617 361 676 Homeri
385 619 533 694 excioplnr
559 621 637 694 apud
662 620 821 693 Spartanos
844 627 992 678 servatum
1015 618 1045 677 in
1068 618 1235 694 Lycurgum
1262 627 1294 676 ut

133 718 231 777 civilia
253 718 352 778 omnia
375 719 554 794 referebant)
584 721 614 780 in
636 722 765 780 Athenas
792 720 919 794 primurn
941 719 1051 780 invenit
1074 727 1103 778 et
1125 719 1294 780 describere

135 819 164 878 in
187 821 339 894 proprium
362 821 479 896 publice
503 823 668 898 depositum
697 822 847 897 exemplar
874 821 961 879 iussit
982 824 1058 895 (sec.
1082 822 1295 896 Pseudoplato-

133 921 192 981 uici
216 922 300 997 lllpp.
325 924 525 985 testimonium
551 925 790 999 antiquissimum
818 925 898 1000 qnod
924 923 996 982 nihil
1018 923 1154 982 relutavit
1176 913 1292 982 Nihsch

133 1023 202 1084 hist.
218 1025 303 1082 Hom.
320 1022 350 1096 l,
367 1021 430 1084 tat
442 1041 507 1099 sqq.
531 1027 795 1086 Alexandrinorum
820 1025 896 1086 sicut
911 1025 1107 1086 recentiorum
1124 1025 1293 1084 coniectura

132 1141 171 1184 ex
194 1125 256 1198 ipsa
280 1125 353 1186 falsa
375 1127 598 1202 antiquissimae
628 1128 791 1188 carminum
817 1128 941 1203 originis
967 1128 1107 1202 opinione
1131 1133 1197 1184 nata
1220 1128 1290 1200 est),

133 1235 166 1286 nt
188 1226 256 1284 iude
279 1226 427 1287 discentes
450 1231 634 1305 correctique
658 1231 736 1290 insto
758 1229 863 1289 ordine
879 1230 1016 1305 rhapsodi
1033 1235 1125 1288 totum
1142 1217 1194 1302 (ἐξ
1207 1215 1291 1290 ὑπο-

130 1324 349 1411 190λῆςὸθῦὃῦ
372 1330 537 1404 antiquiore
562 1353 597 1384 =
624 1325 662 1406 ἐξ
681 1321 898 1418 ὑπολήψεως,
921 1332 989 1393 licet
1011 1331 1101 1390 inrito
1125 1330 1241 1390 Nitzsoh
1257 1331 1290 1402 tt,

133 1429 198 1492 133
210 1431 293 1506 sqq.)
326 1431 532 1492 declamarent
584 1434 665 1504 Quae
695 1435 761 1508 ipsa
798 1435 892 1494 serior
925 1435 1002 1508 apud
1031 1431 1143 1492 Atticos
1172 1429 1290 1490 Homeri

132 1534 236 1594 notitia
257 1548 317 1595 nen
339 1533 414 1592 adeo
437 1535 559 1594 multum
583 1545 668 1596 antea
684 1537 793 1596 vixisse
809 1538 888 1595 bunc
903 1535 1083 1608 comprobat.
1117 1532 1205 1608 Epica
1219 1547 1289 1590 vero

131 1635 232 1710 poesis
254 1635 302 1694 cni
324 1650 403 1692 nunc
418 1634 504 1693 Attici
527 1652 646 1710 quoque
661 1639 807 1698 Theseum
830 1645 969 1696 canentes
993 1644 1096 1712 poetae
1111 1635 1290 1694 accedebant

132 1745 248 1812 praeter
284 1737 464 1810 tragoediam
502 1753 597 1811 usque
635 1742 673 1800 ad
704 1739 837 1799 Pisandri
864 1746 893 1799 et
915 1738 1086 1814 Panyasidis
1114 1743 1237 1796 aetatem
1261 1741 1290 1794 et

130 1840 168 1898 ad
194 1839 292 1913 ipsum
320 1854 388 1897 vere
414 1837 586 1899 historicum
614 1841 741 1901 Choerili
768 1856 886 1900 carmen
918 1855 978 1898 uno
1004 1847 1108 1900 tenore
1135 1838 1246 1896 danaus
1272 1853 1289 1895 a

133 1940 240 2000 lahulis
262 1939 364 2014 patriis
387 1940 537 2014 paullatim
557 1943 672 2002 transiit
691 1943 798 2004 sivein
814 1942 1001 2000 barbararum
1018 1939 1149 2014 gentium
1166 1938 1288 2010 fabulas,

132 2041 211 2100 velut
233 2050 373 2102 nascente
395 2043 521 2116 quodam
545 2044 740 2118 geographiae
762 2043 895 2118 poeticae
910 2041 1008 2102 studio
1024 2040 1203 2114 Arimaspea,
1226 2039 1289 2098 sive

132 2141 279 2216 tuipsius
302 2145 448 2216 quandam
472 2143 556 2217 qnasi
584 2145 733 2218 parodiam
762 2153 1027 2220 argumentumque
1049 2143 1193 2202 comicum
1217 2142 1289 2214 (Ba-

132 2245 342 2318 trachomyom.
356 2246 483 2319 hymnus
495 2245 525 2304 in
537 2246 660 2306 Mereor.
674 2249 746 2320 etc.)
766 2256 795 2309 et
810 2247 882 2306 adeo
899 2245 1040 2306 eroticum
1055 2232 1288 2321 (ἐπικιχλίὸες)

131 2345 194 2404 sive
216 2345 247 2402 in
271 2347 458 2421 genealogias
480 2347 623 2422 mythicas
639 2351 763 2410 deorum
778 2351 902 2410 heroum
919 2348 1160 2422 singularumque
1171 2346 1288 2406 urbium

129 2437 255 2520 κτίσεις
277 2455 306 2506 et
327 2464 402 2522 quae
424 2449 485 2508 lere
507 2449 695 2510 scientiarum
719 2450 834 2510 initium
856 2457 902 2508 est
923 2449 1061 2508 rusticam
1083 2465 1150 2508 eum
1171 2456 1289 2507 senten-

133 2550 239 2608 tiarum
262 2549 417 2609 moralium
440 2550 596 2623 prudentia
618 2552 793 2610 doctrinam:
818 2568 834 2610 o
857 2551 965 2626 quibus
981 2559 1011 2610 et
1024 2549 1146 2610 historia
1161 2549 1288 2608 eundem

133 2653 219 2724 plane
241 2667 354 2708 morem
377 2665 483 2724 gerens
513 2659 542 2710 et
563 2652 749 2727 philosophia
776 2661 843 2712 nata
870 2662 916 2713 est
942 2668 1018 2726 quae
1044 2668 1139 2726 usque
1166 2651 1204 2708 ad
1225 2649 1289 2706 Pla·

132 2760 231 2814 tooem
255 2759 283 2810 et
304 2752 511 2827 cosmogonica
534 2760 563 2811 et
584 2753 678 2813 ethica
701 2753 797 2813 omnis
813 2763 866 2814 est
899 2754 1097 2828 Theogoniam
1112 2752 1288 2811 Hesiodeam

134 2855 194 2914 lere
218 2853 353 2927 sequitur
375 2855 553 2928 hymnorum
578 2861 607 2912 et
629 2854 692 2929 ipso
719 2855 827 2929 scripta
849 2856 907 2914 iam
929 2857 1029 2931 poesis
1052 2852 1287 2928 (marieulle

133 2958 238 3016 rodoto
260 2955 328 3028 iam,
352 2955 470 3014 Homeri
485 2956 522 3014 ad
537 2955 630 3030 Apoll.
646 2955 808 3032 Thucydidi
831 2965 918 3018 notus
934 2957 1013 3032 luit),
1036 2956 1143 3016 deinde
1157 2940 1287 3012 Platonis

135 3064 266 3130 tempore
288 3057 346 3116 iam
367 3057 502 3118 florentia
527 3057 651 3132 mystica
673 3066 702 3117 et
723 3060 929 3134 superstitiosa
954 3060 985 3118 in
1010 3059 1119 3134 quihus
1143 3054 1287 3130 Orphicae

133 3159 235 3233 poesis
262 3158 475 3220 Alexandrinae
503 3159 625 3218 semina.
675 3159 756 3228 Quae
783 3161 808 3220 si
836 3178 904 3220 rera
931 3169 1014 3236 sunt,
1041 3161 1129 3220 simul
1155 3157 1289 3231 sequitur

133 3261 325 3322 abiiciendam
350 3275 417 3320 esse
439 3276 556 3320 omnem
580 3261 658 3320 illam
681 3278 740 3336 qua
761 3263 892 3322 carmina
905 3264 987 3338 epira
1002 3263 1149 3324 Hesiodea
1163 3259 1289 3320 maxime

134 3363 320 3432 distruuntqr
345 3361 603 3436 interpolationem
633 3363 697 3436 ipsa
724 3364 887 3424 carminum
912 3381 966 3439 per
991 3381 1110 3426 omnem
1138 3361 1288 3422 Graeciam

134 3464 264 3524 claritate
285 3461 499 3538 prohibitarum
521 3463 775 3540 investigationem
798 3481 874 3540 quae
886 3468 1039 3526 doctorum
1051 3468 1112 3526 lere
1124 3473 1288 3540 temporum

136 3581 222 3626 usum
245 3564 275 3623 ln
299 3563 480 3627 Homericam
505 3573 629 3626 aetatem
652 3575 684 3628 ut
705 3582 823 3642 parcam
844 3566 874 3624 ln
897 3567 1055 3628 scribendo
1070 3569 1109 3628 ita
1120 3566 1287 3642 religiosam

135 3668 305 3738 transferat,
332 3667 466 3740 sequitur
492 3667 594 3742 igitur,
623 3671 703 3742 quod
730 3668 802 3726 mihi
831 3684 919 3742 quam
946 3669 1072 3728 maxime
1099 3645 1288 3744 certamem,

135 3769 289 3828 Homerica
311 3775 341 3826 et
362 3770 510 3829 Hesiodea
531 3769 657 3845 siugulis
679 3770 855 3845 quibusdam
878 3771 981 3844 paucis
1004 3773 1139 3857 remihus
1159 3775 1290 3849 exceptis

136 3879 168 3932 ut
188 3887 269 3930 nunc
291 3887 411 3944 quoquc
433 3873 570 3945 leguntur
595 3873 635 3932 ita
662 3873 687 3932 si
709 3872 895 3932 librariorum
924 3873 1131 3949 negligentiam
1154 3876 1292 3936 omuibus

136 3974 284 4034 veteribus
307 3973 390 4032 libris
413 3989 599 4032 communem
622 3974 759 4034 omiseris
780 3976 817 4034 ab
839 3975 912 4050 ipsis
928 3975 985 4034 iarn
1000 3977 1170 4038 auctoribus
1186 3979 1293 4052 scripta

138 4091 213 4134 esse.
259 4077 351 4134 Venae
379 4075 457 4136 euim
484 4075 726 4151 interpolationes
752 4077 789 4135 ah
816 4077 889 4152 ipsis
916 4078 973 4136 iam
1002 4079 1150 4138 veteribus
1171 4079 1292 4140 'notatae

138 4177 344 4237 Alexandrinis
376 4184 405 4235 et
436 4177 545 4238 criticis
579 4179 756 4239 coniecturis
790 4180 851 4238 fere
884 4180 1029 4238 debentur
1061 4181 1113 4254 (cf.
1137 4180 1289 4255 Chrysipp.

139 4296 183 4353 ap.
207 4280 309 4339 Galen.
333 4281 366 4351 V,
389 4276 467 4354 atta
490 4282 527 4340 de
550 4278 666 4355 Epicuri
689 4281 822 4355 epistolis
845 4282 877 4340 l).
900 4282 931 4340 L.
956 4278 1007 4354 10,
1030 4279 1065 4356 3;
1088 4283 1124 4342 de
1147 4281 1294 4356 Sophocle

141 4380 170 4440 b.
187 4383 218 4442 h.
237 4379 267 4455 5,
283 4381 325 4444 92
336 4384 418 4456 eto).
