3024 5162
646 395 708 456 229

98 571 177 624 usus
205 571 233 622 et
260 566 390 638 operatio
424 566 486 626 sive
520 567 668 640 quomodo
702 568 827 640 partium
862 573 964 626 natura
996 568 1075 626 velut
1102 565 1254 624 oculorum

95 668 218 742 linguae
241 668 390 741 pulmonis
413 670 448 728 ad
472 670 551 728 hune
573 685 660 728 usum
683 669 814 728 instituta
829 670 868 729 sit
880 671 1028 742 doceatur,
1050 685 1109 727 non
1121 667 1251 742 ipsarum

93 770 247 830 actionum
281 777 383 830 natura
416 778 445 830 et
471 771 605 846 dignitas.
655 771 713 830 Nec
745 771 839 846 inagis
871 777 951 845 patet
983 771 1132 846 quomodo
1160 783 1250 843 quum

91 871 335 946 psycbologicam
368 873 519 950 zoologiaa
546 881 679 932 naturam
706 874 855 948 explicans
881 873 1020 948 physicae
1047 872 1253 931 doctrinaeet

92 974 306 1050 psychologioe
335 973 475 1032 rationem
504 983 634 1034 mutuam
657 982 755 1048 tangat
777 991 811 1033 ex
840 989 958 1034 eonon
985 982 1069 1033 antea
1097 975 1133 1031 de
1155 971 1251 1030 anima

92 1078 190 1136 libros
223 1076 403 1150 compositos
436 1077 528 1136 luisse
561 1076 719 1139 verisimile
748 1077 786 1136 sit
819 1076 864 1148 (id
888 1077 966 1149 quod
1000 1075 1101 1136 statuit
1123 1072 1250 1147 Spengel

91 1179 229 1239 Reih'eni.
257 1197 285 1253 p.
303 1177 365 1240 163
393 1180 439 1238 ιι1
466 1179 532 1252 ipso
559 1180 701 1237 librorum
728 1179 764 1236 de
792 1177 887 1236 anima
914 1175 1065 1250 prooemio
1093 1176 1249 1234 refutatum

93 1281 132 1340 cf.
149 1277 223 1354 403,
239 1278 280 1340 27
293 1283 385 1356 sqq).
417 1282 578 1354 Postquam
595 1280 683 1354 igitur
698 1278 824 1354 partium
836 1279 1004 1338 animalium
1017 1293 1090 1338 usus
1103 1287 1249 1347 causaque

92 1383 191 1442 finalis
219 1383 352 1457 exposita
373 1389 432 1455 est,
464 1383 520 1441 iam
548 1381 652 1442 transit
680 1377 880 1454 (ι1.715,11
903 1373 1026 1442 λοιπὸν
1048 1387 1077 1438 ιι
1099 1375 1139 1437 17
1162 1369 1249 1452 ἐχο-

90 1479 214 1566 μένην
239 1474 380 1556 τούτων)
419 1486 455 1543 ad
481 1485 575 1559 ipsam
602 1475 729 1565 γένεσιν
756 1498 933 1555 causamque
960 1479 1157 1556 generationis
1179 1477 1197 1535 i.
1222 1492 1248 1536 ι.

92 1592 131 1649 ad
153 1579 345 1672 disiunctio
366 1583 522 1649 κινοῦσαν
545 1587 598 1660 (de
620 1601 685 1660 gen.
710 1581 949 1658 1,1.715,13)
976 1584 1038 1642 sive
1063 1583 1100 1640 ad
1122 1579 1251 1648 animam

91 1691 188 1766 ipsam
211 1707 269 1752 una
292 1706 358 1749 cnm
380 1688 513 1764 partibus
543 1688 651 1762 quibus
673 1687 801 1762 propriis
829 1685 920 1744 utitur
942 1683 1163 1764 describendam
1186 1679 1249 1740 ani·

91 1793 212 1852 molium
236 1801 381 1867 quatenus
416 1798 484 1850 sunt
517 1790 650 1850 animalia
676 1797 764 1863 atque
791 1805 825 1848 ex
854 1805 911 1861 qua
936 1785 1061 1861 partium
1084 1790 1247 1843 ceterorum

95 1895 227 1956 omnium
254 1893 403 1970 generatio
430 1895 539 1967 pendet
564 1900 594 1952 et
618 1900 721 1952 suctus
749 1905 881 1964 ususque
911 1887 1025 1960 etipsa
1051 1885 1108 1944 vita
1129 1880 1247 1942 animali

93 1996 226 2070 propria,
259 1998 298 2058 ita
325 2003 357 2056 ut
382 2003 461 2056 reete
487 1996 627 2054 librorum
656 1995 692 2052 de
719 1993 908 2068 generatione
931 1997 960 2048 et
981 1987 1139 2047 nutritione
1161 1999 1248 2058 argu-

93 2108 226 2161 mentum
252 2102 289 2161 sit
311 2101 474 2161 nuntiatum
500 2097 597 2158 verbis
625 2096 683 2155 illis
710 2096 817 2154 librum
845 2097 881 2156 de
905 2095 1024 2153 incessu
1050 2091 1100 2165 qui
1123 2091 1159 2148 de
1181 2102 1248 2160 par-

92 2203 176 2262 tibus
210 2212 254 2264 cst
287 2205 406 2278 quintus
439 2200 622 2260 finientibus:
664 2186 820 2276 εχόμινόν
855 2190 925 2260 ἐστι
960 2189 1136 2274 θεωρῆσαι
1171 2178 1250 2267 περὶ

93 2303 262 2392 ψυχῆς-
275 2299 312 2368 τὸ
335 2299 469 2388 τρέφειν
491 2294 553 2383 γὰρ
575 2294 632 2362 καὶ
652 2299 753 2362 κινεῖν
775 2296 883 2386 ψυχῆς
906 2315 1001 2378 ιργον
1022 2288 1092 2356 ἐστι
1085 2283 1158 2365 (de
1173 2295 1247 2364 part.

92 2409 123 2482 2,
141 2405 168 2468 7.
187 2405 339 2468 652111.
364 2424 405 2466 sc.
429 2403 538 2490 ψυχῆς
558 2400 744 2487 θρεπτικῆς
765 2386 1087 2477 (ιιιιιιιιιιιιινοιαιη
1109 2383 1249 2467 δύναμις

89 2507 201 2597 ψυχῆς
230 2512 265 2570 ct
290 2512 326 2570 de
348 2527 395 2569 an.
419 2508 448 2581 2,
464 2508 494 2567 4.
515 2505 588 2580 415,
605 2503 660 2566 25.
705 2489 744 2586 ἧς
775 2496 862 2564 ἐστὶν
896 2492 974 2582 ἔργα
1006 2492 1162 2580 γεννῆσαι
1192 2482 1249 2550 καὶ

89 2609 203 2697 τροφή
223 2609 397 2696 χρῆσθαι).
442 2612 531 2670 Recte
560 2616 657 2668 autem
684 2607 759 2664 lihro
788 2606 824 2663 dc
845 2603 976 2678 partibus
998 2600 1093 2674 primo
1117 2595 1168 2654 ubi
1185 2591 1248 2667 pri-

89 2733 173 2776 mum
206 2714 309 2789 incipit
340 2715 404 2789 ipsa
437 2715 473 2772 de
507 2710 682 2770 animalibus
715 2705 838 2781 physica
875 2703 1006 2763 doctrina
1042 2703 1125 2772 (nam
1157 2695 1249 2752 Ριιιι

89 2818 234 2880 naturalia
257 2833 332 2892 quae
355 2817 454 2876 dicunt
443 2823 491 2874 tur
513 2815 549 2872 de
572 2811 667 2870 anima
691 2817 760 2868 sunt
782 2822 842 2866 non
865 2808 901 2866 dc
920 2800 1120 2872 animalibus),
1144 2811 1201 2869 qua
1216 2800 1249 2851 ut

88 2923 157 2997 ipse
187 2920 256 2979 dicit
278 2915 338 2979 ι.5
361 2919 456 2993 prima
482 2919 519 2975 de
546 2911 720 2988 corporibus
752 2908 882 2985 physicis
904 2905 1097 2981 Physicorum
1123 2913 1191 2983 pars
1219 2903 1249 2953 et

89 3022 260 3098 disquisitio
283 3024 319 3082 de
342 3021 448 3080 divinis
471 3018 582 3078 naturis
606 3014 792 3074 continuatur
814 3011 896 3085 (libri
919 3025 959 3068 sc.
977 3007 1013 3064 de
1028 3004 1111 3063 coelo
1127 3008 1157 3060 et
1172 3012 1247 3074 qnae

88 3126 266 3188 intermedia
289 3133 334 3184 est
355 3119 589 3194 llleteorologia)‚
621 3131 728 3176 causae
755 3129 873 3189 quoque
894 3112 988 3186 primo
1009 3107 1165 3167 traduntur
1186 3115 1248 3158 me-

90 3229 176 3290 thodi
204 3228 302 3286 studio
335 3225 485 3299 zoologico
513 3230 542 3281 ιι
568 3218 772 3296 philosophiae
804 3215 901 3274 zoloae
934 3207 1135 3272 convenientis
1168 3212 1197 3264 ιι
1218 3202 1249 3260 in

91 3336 159 3408 ipsa
181 3331 302 3390 historia
325 3327 493 3388 animalium
517 3340 554 3382 ex
575 3324 629 3381 hac
652 3321 789 3381 methodo
812 3317 974 3393 praemissa
996 3313 1122 3372 breviter
1136 3313 1198 3382 tant
1199 3321 1248 3364 um

90 3433 262 3512 propositae
286 3431 331 3506 (1,
350 3429 451 3501 611ιι.)
474 3435 503 3487 ιι
525 3441 601 3499 quae
622 3424 691 3482 huic
713 3419 900 3493 coniungitur
915 3409 1266 3500 divisionisanimalinmo

90 3538 177 3609 ratio,
202 3552 277 3611 quae
299 3535 337 3594 ita
360 3549 384 3590 c.
401 3525 484 3590 2-3
507 3527 660 3602 diligenter
683 3523 818 3584 definitur
845 3527 877 3578 ut
898 3519 935 3578 ad
958 3515 1128 3588 discipliuae
1150 3510 1248 3569 zoolo·

91 3640 176 3716 gicae
199 3654 274 3712 quae
297 3642 342 3695 est
364 3636 400 3695 de
422 3631 554 3708 partibus
576 3628 720 3688 rationem
743 3626 834 3684 solam
850 3624 906 3680 hoc
920 3632 1105 3695 prooemium
1116 3618 1249 3688 spectare

92 3744 183 3818 plane
204 3748 253 3815 pat
242 3746 310 3811 t‚eat
338 3733 509 3811 praesertim
533 3748 625 3806 quum
647 3731 677 3788 in
699 3726 847 3786 historicis
871 3723 975 3784 divisio
997 3720 1046 3779 illa
1068 3717 1153 3776 cuius
1175 3713 1248 3772 ratio

92 3845 229 3908 noudum
257 3843 455 3900 demonstrata
482 3841 527 3893 est
553 3850 588 3892 ex
617 3848 672 3892 usu
700 3830 760 3887 iero
787 3828 932 3888 sermonis
959 3821 1070 3898 vulgari
1097 3818 1249 3893 arripiatur

93 3943 194 4021 (ι1.1,
212 3943 297 4015 bin,
321 3937 406 4002 505b
422 3937 462 4000 26
479 3944 508 3997 ιι
523 3937 614 4007 sira)
660 3933 745 4001 Quod
770 3947 840 3989 vero
868 3930 904 3989 ad
931 3930 1039 3988 librum
1065 3925 1101 3982 de
1129 3921 1248 3979 incessu

93 4049 146 4124 qui
167 4049 207 4107 ad
229 4044 389 4106 doctrinam
419 4043 455 4100 de
477 4056 535 4098 usu
560 4037 684 4113 partium
712 4032 880 4094 necessario
902 4033 1036 4101 refertur,
1059 4025 1137 4086 nulla
1161 4035 1250 4080 causa

94 4159 143 4212 est
169 4165 240 4208 cur
247 4163 306 4208 non
340 4144 493 4203 credamus
526 4140 637 4201 auctori
670 4137 727 4211 ipsi
760 4138 839 4198 hunc
872 4136 978 4194 librum
1006 4126 1123 4190 disertis
1150 4122 1247 4182 verbis

94 4253 179 4314 libris
209 4251 244 4309 de
271 4246 403 4324 partibus
430 4251 556 4318 quatuor
588 4239 777 4314 subiungeuti
811 4246 957 4312 tamquam
986 4233 1120 4296 ultimum
1143 4235 1172 4287 et
1193 4241 1248 4285 suo

94 4359 268 4429 argumento
292 4355 458 4424 separatum
481 4342 651 4418 (7141120.
676 4342 710 4403 ct
729 4337 882 4412 6117129,
906 4338 991 4400 etiam
1007 4332 1094 4396 casu
1111 4329 1152 4393 34
1164 4362 1204 4370 -
1221 4335 1249 4386 ιι

97 4464 165 4516 auto
177 4458 196 4515 l.
215 4455 251 4512 dc
268 4469 333 4524 geu.
348 4451 487 4524 scriptum
501 4447 535 4510 ci.
550 4446 622 4517 6112,
636 4443 692 4518 16)
716 4460 769 4506 nco
792 4441 954 4516 inpediunt
976 4455 1053 4515 quae
1067 4435 1251 4510 reperiuntur
