3036 5164
687 285 751 350 tto

140 456 316 532 saepissime
339 448 469 539 εἴρηται
490 458 563 519 illud
585 455 749 516 Aristotelis
772 474 825 531 pro
847 473 883 516 eo
907 460 987 532 quod
1008 465 1055 520 est
1076 448 1245 542 εἰρήσεται
1268 468 1298 521 61

139 573 195 631 pen
216 573 249 616 66
272 559 343 618 66116
366 575 528 634 congruum
551 566 597 618 est
619 565 647 616 61
669 559 757 618 variis
780 561 926 620 interdum
939 559 1115 620 lectionibus
1127 559 1294 635 (420121.

137 660 175 718 61.
192 658 266 732 421,
283 659 318 735 6)
345 660 486 735 probatur
513 668 542 720 et
569 661 712 736 exemplis
732 661 896 724 manifestis
919 660 1028 731 multis,
1053 661 1088 720 61.
1105 677 1131 720 6.
1148 678 1189 735 gr.
1207 659 1294 740 28411

136 757 190 823 13.
208 757 281 835 530,
297 762 339 824 20
365 759 455 838 (731,
468 761 535 836 29).
552 759 624 833 696,
641 759 691 822 12.
709 759 862 822 tartha.
880 759 973 836 1366,
989 759 1040 822 21.
1058 760 1165 822 14041
1181 758 1293 838 28616.

135 859 236 934 iisqne
263 863 403 924 omnihus
428 864 477 924 uhi
504 863 666 938 perlectum
693 865 764 924 illud
792 863 1000 924 conuadicitut·
1026 864 1168 938 temporis
1190 861 1294 922 defini-

134 961 218 1023 tione
251 971 330 1022 certa
363 973 392 1023 et
420 965 537 1027 diserta.
583 965 668 1034 Quod
697 966 736 1024 ita
762 973 792 1026 et
817 964 879 1023 lieri
910 964 1044 1038 potuisse
1067 972 1096 1026 et
1118 965 1292 1039 saepissime

133 1063 197 1124 1616
220 1063 283 1124 fieri
305 1066 334 1124 in
357 1067 495 1128 omnihus
518 1066 710 1142 scriptoribus
726 1067 776 1142 qui
793 1066 1117 1140 universamquandam
1130 1066 1291 1126 doctrinam

132 1165 261 1238 eiusque
293 1175 392 1242 partes
426 1169 476 1228 diu
498 1176 685 1244 praeparatas
706 1169 824 1228 tradunt
847 1168 942 1241 quivis
965 1167 1051 1226 videt.
1097 1167 1182 1226 Certa
1202 1167 1291 1240 igitur

130 1267 303 1326 testimonia
329 1269 393 1330 sola
419 1271 491 1330 haec
518 1279 587 1331 sunt
619 1270 669 1330 uhi
697 1271 743 1332 vel
770 1269 859 1330 t'uturi
882 1285 955 1328 usus
989 1269 1079 1341 (adde
1101 1269 1158 1344 adj.
1179 1269 1287 1330 verbal.

130 1362 283 1444 λεκτέον)
305 1370 352 1428 vel
373 1370 534 1443 imperfecti
557 1366 746 1454 (ἐλέγομεν)
775 1373 821 1430 vel
848 1372 959 1430 adiecta
981 1370 1125 1444 quaedam
1146 1368 1288 1442 temporis

129 1470 265 1531 delinitio
292 1477 427 1533 accurata
454 1461 633 1556 (πρότερον
655 1508 696 1518 -
716 1465 868 1554 ὕστερον)
896 1487 1014 1532 omnem
1041 1469 1176 1556 prohihet
1203 1465 1288 1528 dulti-

126 1571 280 1634 udonem.
329 1572 520 1646 imperativus
553 1578 641 1636 modo
675 1577 790 1636 iuturue
823 1573 1004 1649 quaestionis
1034 1580 1080 1633 est
1106 1573 1194 1630 modo
1221 1586 1288 1644 per·

127 1673 239 1744 166166,
262 1675 342 1734 velut
361 1673 411 1732 uhi
435 1675 542 1734 dicitur
564 1666 713 1760 εἰρήσθω
737 1685 766 1736 61
789 1675 962 1749 saepissime
975 1665 1058 1734 ἔστω
1070 1674 1122 1744 (at.
1131 1669 1286 1746 6991131)

126 1783 160 1834 61
181 1764 309 1841 κείσθω
332 1765 367 1838 ἐν
389 1807 429 1816 -
453 1773 563 1852 (1456,
585 1776 635 1838 35.
670 1785 847 1853 quapropter
868 1777 913 1833 vel
929 1774 1016 1836 loeo
1032 1774 1065 1834 1:
1094 1766 1141 1852 εἰς
1163 1768 1286 1835 ἐκεῖνον

126 1867 190 1938 τὸν
210 1870 328 1960 καιρὸν
349 1865 547 1940 ἀποκείσθω
571 1897 630 1938 non
653 1879 744 1938 6166
767 1892 856 1951 opere
879 1876 976 1934 futuro
999 1876 1144 1950 intelligas
1161 1891 1284 1937 necesse

127 1978 202 2049 661).
246 1979 301 2038 Uhi
324 1979 446 2039 verbum
476 1980 590 2043 finitum
618 1980 762 2043 omissum
785 1986 840 2050 661,
863 1977 925 2036 6611.
949 1967 1035 2051 ἐστι’,
1062 1977 1142 2051 quod
1168 1976 1229 2034 iere
1252 1976 1284 2034 fit

124 2079 160 2138 in
183 2079 388 2140 16116611611116
403 2075 605 2163 δῆλούἑκ-
618 2083 680 2141 sive
692 2067 846 2164 φανερόν,
870 2064 971 2150 ἄλλος
993 2095 1017 2136 6.
1041 2069 1151 2162 ἕτερος
1173 2065 1283 2160 λόγος,

124 2195 219 2256 saepe
240 2181 270 2239 id
292 2198 345 2256 pro
368 2173 462 2244 ἔσται
484 2183 696 2258 accipiendum.
813 2251 816 2256 Ι
1185 2249 1188 2252 ,

213 2282 273 2344 Hac
296 2283 384 2358 igitur
404 2285 516 2345 ratione
539 2285 564 2344 si
588 2284 741 2343 citationes
763 2280 924 2356 sequimur,
951 2282 1043 2354 prima
1067 2281 1185 2340 luerunt
1207 2295 1282 2353 quae

121 2391 155 2442 et
177 2383 208 2441 in
230 2383 295 2456 ipse
316 2386 501 2460 philosophia
523 2367 619 2462 prima¹
640 2391 709 2444 sunt
730 2383 854 2457 eiusque
884 2381 968 2455 quasi
995 2389 1098 2455 parant
1120 2381 1280 2451 introitum,

120 2485 222 2557 logica
244 2487 350 2560 scripta
373 2496 401 2548 et
423 2504 458 2548 ea
480 2490 588 2563 quihus
611 2486 731 2545 omnino
755 2482 922 2556 disputandi
946 2482 1075 2540 methodi
1099 2482 1282 2556 explicantur

117 2585 232 2659 Topica
254 2595 283 2647 et
304 2589 422 2664 quihus,
446 2605 521 2663 quae
544 2603 629 2648 verae
652 2586 819 2646 dialecticae
846 2591 892 2642 est
919 2567 1059 2662 ὄργανον
1081 2583 1188 2655 (Waitz
1212 2582 1279 2656 Org.

117 2687 159 2760 tl,
175 2685 252 2762 293)
280 2698 309 2749 61
335 2691 554 2766 philosophicae
582 2687 809 2750 demonstrativa
831 2683 1021 2756 ratiocinatio,
1044 2682 1201 2758 Analytica.
1245 2683 1281 2742 Et

115 2789 229 2864 Topica
252 2792 370 2866 quidem
392 2800 459 2852 ante
482 2791 631 2866 Analytica
652 2803 720 2848 esse
743 2787 859 2860 scripta,
882 2785 911 2843 id
930 2801 1020 2859 quum
1033 2783 1202 2842 seinvicem
1215 2783 1280 2842 sine

115 2890 265 2964 temporis
290 2893 439 2954 additione
467 2908 585 2968 semper
617 2892 706 2951 citent
732 2891 773 2948 ita
802 2895 834 2946 ut
857 2885 994 2945 omnihus
1020 2885 1093 2943 locis
1116 2884 1277 2960 perlectum

116 2981 255 3074 εἴρηται
281 3010 373 3060 sensu
399 2996 488 3054 futuri
511 2994 602 3068 accipi
626 2991 722 3068 possit
748 2991 834 3062 (Top.
850 2985 881 3060 8,
899 2983 950 3044 11.
967 2982 1017 3045 13.
1042 2985 1123 3043 Anal.
1139 3002 1183 3060 pr.
1200 2983 1229 3057 1,
1246 2983 1275 3043 1.

115 3090 221 3165 30.2,
238 3093 305 3168 17),
339 3113 375 3154 ex
408 3098 540 3170 ipsorum
572 3102 670 3154 tamen
703 3092 844 3150 librorum
875 3089 988 3147 ratione
1021 3086 1185 3144 certissime
1213 3087 1276 3146 ‘iam

115 3195 261 3254 omnihus
283 3206 398 3258 constat
419 3198 471 3272 (61.
484 3195 608 3255 Blandis
625 3187 1148 3264 11611611616666111161161666016.
1161 3205 1189 3262 p.
1203 3185 1274 3248 253.

114 3293 210 3370 258).
255 3298 337 3356 Sicut
358 3307 455 3358 antem
477 3299 610 3372 ipsorum
631 3293 849 3368 Analyticorum
871 3291 965 3364 prima
986 3307 1055 3366 pars
1078 3283 1134 3363 (τὰ
1157 3287 1274 3371 πρῶτα

113 3399 176 3458 An.
199 3406 275 3471 post.
292 3398 321 3471 2,
338 3397 389 3458 12.
405 3399 456 3475 96,
474 3399 492 3460 1
508 3422 543 3449 =
558 3416 603 3473 pr.
620 3397 649 3470 2,
666 3393 694 3456 5.
719 3393 841 3452 Brandis
856 3409 885 3465 p.
902 3389 980 3464 260)
1003 3392 1032 3450 in
1056 3392 1186 3454 secunda
1201 3399 1274 3450 tam

114 3515 209 3575 quam
231 3503 412 3574 praecedens
434 3503 580 3562 indicatur
602 3499 653 3572 (61.
677 3496 764 3555 etiam
786 3493 877 3552 totius
900 3490 1272 3567 lihrifinempost.2,19),

112 3604 160 3664 tta
182 3602 302 3677 Topica,
330 3605 438 3678 quihus
464 3604 578 3678 primus
605 3596 776 3658 Aristoteles
803 3593 897 3667 primo
925 3608 1014 3666 opere
1040 3601 1130 3652 antem
1154 3593 1273 3670 syllogi-

113 3703 223 3766 sticam
257 3705 390 3778 (Elench.
407 3701 458 3767 33.
475 3701 546 3775 187,
562 3697 603 3760 37
616 3713 681 3773 sqq.
705 3697 740 3754 61.
763 3697 832 3768 Top.
848 3691 880 3768 8,
896 3692 925 3754 5.
947 3691 1019 3767 159,
1035 3689 1077 3754 34
1093 3696 1175 3778 sqq.)
1210 3696 1272 3755 sive

112 3806 275 3866 methodos
312 3806 556 3865 inveniendorum
594 3798 833 3876 syllogismorum
876 3788 911 3858 ἐκ
948 3793 1014 3856 τῶν
1056 3783 1272 3877 ὑπαρχόντων

111 3904 221 3981 (1551)
238 3905 273 3979 7)
295 3907 515 3967 dialecticorum
536 3905 618 3982 prius
639 3896 737 3982 τριβῇ
759 3894 914 3972 (184112)
937 3899 1097 3957 celebratas
1120 3898 1273 3972 explicavit

111 4009 212 4086 ipsius
236 4008 398 4084 syllogismi
422 4016 555 4086 naturam
576 4013 680 4080 postea
701 3999 888 4075 quaesiturus
911 4007 940 4058 et
962 4014 1094 4073 quaeex
1119 4015 1153 4056 ea
1163 4000 1272 4072 pendet

111 4111 352 4188 philosophicam
374 4107 664 4176 demonstrationem,
688 4102 804 4161 dnohns
827 4108 962 4161 constant
984 4099 1126 4174 partibus,
1149 4099 1178 4156 id
1192 4101 1269 4174 quod

112 4217 147 4274 in
170 4212 271 4288 operis
296 4211 426 4271 universi
455 4210 571 4284 epilogo
599 4205 717 4266 Elench.
734 4199 775 4262 33
798 4203 955 4276 exponitur
977 4201 1028 4273 (cl.
1051 4198 1195 4258 131211.
1219 4199 1269 4257 uhi
1335 4195 1340 4200 '

112 4315 192 4376 sicut
221 4327 310 4386 saepe
337 4313 366 4370 in
395 4311 497 4370 ethicis
526 4317 555 4368 et
583 4304 712 4382 physicis
740 4303 861 4378 primam
890 4312 1000 4380 partem
1024 4300 1092 4361 dicit
1117 4293 1159 4360 τὰ
1182 4285 1268 4362 dcta
