3072 5164
802 365 841 430 10

203 551 208 562 ’
245 543 310 599 rent
332 541 383 612 (ci.
407 541 493 602 etiam
514 538 546 599 0.
563 539 594 599 t.
615 555 745 614 prooem.
763 535 827 612 15).
874 539 1038 598 Admodum
1062 524 1188 613 denique
1210 537 1400 600 memorahile

244 645 291 698 est
323 643 402 715 quod
435 642 618 718 Hipparchus
644 638 845 715 Pythagoreus
873 643 999 702 Stohaeo
1029 641 1135 700 citatus
1162 642 1237 702 Flor.
1261 639 1334 713 108,
1356 639 1398 702 81

244 741 295 812 (cl.
308 742 406 816 Lysid.
419 743 456 801 ad
467 743 551 818 llipp.
564 743 666 818 epist.)
681 757 718 800 err
734 742 890 802 Democriti
908 741 954 802 rel
968 744 1096 800 danesse
1111 743 1273 802 Anaxarchi
1285 741 1401 800 Eudae·

245 843 351 902 manici
380 845 541 919 fragmento
568 843 665 916 (sech.
682 841 757 900 Flac.
775 839 804 916 1,
819 845 878 916 40)
906 846 1003 903 locum
1032 845 1178 917 quendam
1206 845 1268 903 fere
1294 845 1400 902 verho-

243 951 331 1002 teuus
347 945 511 1020 descripsit,
535 939 613 1026 περὶ
628 934 793 1020 &christian
813 959 904 1020 agens
927 944 965 1003 ita
978 945 1058 1003 omni
1072 946 1236 1019 argumenti
1253 945 1401 1004 sententia

245 1044 350 1122 similis
367 1053 398 1104 ut
419 1047 669 1106 necessitudinem
685 1048 832 1119 quandam
847 1046 1005 1104 obscuram
1018 1046 1095 1104 inter
1106 1046 1197 1105 lihrcs
1207 1046 1400 1122 Pythagoreis

244 1153 273 1204 et
294 1145 460 1204 Democrito
483 1147 655 1222 suppositos
683 1147 865 1221 eosdemque
886 1145 1110 1220 unuquisslmos
1137 1147 1260 1208 indicet:
1296 1155 1402 1222 regnan

243 1247 321 1304 euim
344 1245 373 1306 in
398 1247 532 1323 utrisque
554 1245 744 1322 Peripatetiea
775 1249 824 1307 illa
851 1238 1027 1329 μετριότης
1056 1248 1120 1307 sire
1146 1237 1401 1332 portendere«

243 1354 272 1404 et
294 1363 369 1420 quae
391 1337 479 1408 huius
502 1357 548 1408 est
569 1338 775 1426 εὐδαιμονία.
820 1349 1055 1425 Pyrrhoneorum
1079 1366 1198 1424 quoque
1219 1353 1271 1424 (cl.
1294 1352 1400 1410 Timeri

244 1463 289 1522 ap.
310 1449 342 1506 lt.
364 1451 396 1509 L.
417 1451 446 1524 9,
468 1451 526 1524 40)
559 1467 628 1525 erga
654 1451 851 1509 Democritum
882 1467 965 1510 amor
990 1464 1059 1510 cum
1087 1451 1227 1510 falsorum
1255 1453 1399 1512 llhrorasn

244 1550 403 1625 scriptione
425 1553 600 1611 coniunctus
624 1551 717 1610 luisse
740 1551 855 1611 videtur
877 1554 929 1626 (el.
945 1553 977 1611 D.
994 1555 1027 1612 L.
1043 1555 1233 1626 alsenam).

329 1653 421 1712 Vitarn
452 1669 522 1713 reru
550 1653 769 1728 Pythagoricam
801 1661 831 1712 et
858 1651 1015 1727 Orphicum
1049 1662 1100 1714 aut
1129 1656 1209 1728 quod
1241 1655 1317 1712 idem
1352 1661 1400 1712 cst

242 1754 397 1812 asceticam
426 1761 455 1814 et
482 1755 682 1830 symbolorum
710 1756 839 1814 studium
867 1763 1000 1828 tempore
1026 1755 1156 1815 Platonis
1183 1763 1212 1814 el
1232 1754 1400 1814 Aristotelis

242 1855 271 1914 ln
294 1855 388 1928 ipsam
411 1855 560 1915 Graeciam
589 1871 625 1915 ex
652 1856 731 1915 ltalia
758 1855 807 1916 illa
835 1855 966 1915 interiori
994 1856 1024 1914 irr
1047 1857 1111 1931 ipsa
1134 1858 1209 1916 ritae
1231 1857 1347 1915 levitate
1367 1865 1400 1916 et

240 1957 354 2016 luxuria
378 1957 566 2033 mysticarum
588 1958 815 2032 lugubriumque
843 1958 1016 2032 religionum
1044 1957 1168 2032 quadam
1196 1959 1270 2018 sede
1291 1965 1320 2016 et
1342 1958 1400 2016 ler-

242 2058 375 2114 nidorum
398 2059 584 2132 ingeniorum
607 2066 640 2118 ut
660 2068 762 2133 postea
786 2060 873 2117 etiam
890 2059 980 2117 hruni
996 2058 1084 2117 divini
1101 2061 1193 2134 patria
1208 2067 1399 2133 propagatam

241 2158 332 2216 lirisse
359 2160 502 2218 videmus.
545 2160 672 2218 Transiit
698 2160 776 2218 enirn
806 2160 877 2218 haee
905 2160 988 2234 quasi
1014 2161 1135 2218 alteram
1162 2176 1270 2234 gerens
1296 2159 1400 2234 sophi·

241 2260 331 2318 atlcae
356 2260 506 2319 doetrinae
534 2260 637 2318 laciem
663 2277 680 2320 a
703 2262 778 2320 vitae
805 2262 971 2336 mentisque
997 2262 1146 2321 corumuui
1174 2262 1287 2321 rohone
1313 2275 1398 2320 sece-

240 2362 337 2420 dentis
363 2363 392 2420 irr
420 2363 507 2421 vitam
535 2361 687 2436 Cynicam,
719 2379 806 2438 quam
835 2363 919 2437 quasi
947 2361 1166 2437 Pythagoricum
1195 2370 1224 2421 el
1252 2363 1398 2437 Pythago-

240 2479 356 2522 reorum
390 2463 553 2524 ltalieorum
592 2465 717 2522 maxime
756 2465 977 2524 Tarentinorum
1016 2478 1114 2521 mores
1151 2464 1397 2538 severitatemque

240 2566 421 2624 affectantem
453 2565 504 2638 (ei.
529 2563 704 2639 Cynicorum
726 2558 881 2648 τερατεία
902 2581 961 2624 sec.
986 2565 1018 2623 lh
1039 2565 1072 2624 t.
1093 2562 1123 2636 6,
1145 2561 1208 2625 102
1222 2567 1295 2638 etc.)
1326 2566 1344 2623 l.
1368 2581 1394 2624 c.

240 2658 555 2750 Παθαγορίζουσαν,
583 2681 643 2725 acu
665 2682 733 2726 vero
756 2669 850 2742 ipsam
873 2674 905 2725 ul
926 2673 1029 2740 putant
1050 2667 1266 2740 philosophiam
1289 2667 1396 2742 Pytha·

239 2772 382 2844 ganeam,
416 2769 587 2828 deridebant
618 2771 722 2829 comici
754 2768 934 2828 recentiores
960 2767 1107 2841 iidemque
1135 2769 1185 2841 qui
1214 2767 1340 2843 Cynicos
1366 2776 1396 2828 et

240 2872 336 2948 ipsum
370 2873 518 2931 Platonem
553 2872 652 2930 Alexis
678 2873 855 2946 Aristophcn
890 2869 1025 2929 Cratinus
1051 2869 1247 2943 Antiphonem
1285 2870 1394 2944 quihus

239 2975 436 3033 conl'ereudus
458 2982 504 3032 est
524 2971 679 3032 Aeschinis
701 2975 843 3046 l'elauges
865 2974 903 3030 de
925 2987 984 3046 quo
1008 2971 1150 3030 Welclreu
1177 2973 1342 3058 Aristotelis
1364 2979 1395 3030 et

239 3075 486 3135 arithmeticorum
520 3075 735 3133 Platonicorum
769 3074 907 3148 aequales
940 3073 1059 3130 luerunt
1090 3072 1281 3146 Androcydes
1314 3074 1393 3147 Lyco

239 3177 384 3236 [liodorus
407 3176 567 3236 Eurithcus
588 3205 631 3221 *-
658 3193 745 3250 quern
768 3175 887 3234 Platone
910 3173 1103 3248 posteriorem
1132 3175 1294 3232 secundum
1317 3187 1393 3246 quae

239 3282 276 3337 de
298 3296 334 3338 eo
357 3295 393 3338 ex
416 3279 555 3338 Clearcho
579 3281 632 3352 (ct
648 3279 728 3337 Stoh.
746 3279 820 3336 h'lor.
837 3273 909 3348 105,
925 3273 975 3336 55.
992 3275 1065 3350 App.
1082 3272 1111 3346 3,
1128 3271 1169 3333 36
1184 3283 1214 3332 et
1228 3274 1309 3332 Phot
1326 3276 1391 3332 cod.

239 3381 301 3442 tet
325 3383 374 3440 uhi
389 3383 466 3440 inter
480 3382 576 3439 lantes
588 3379 705 3439 Slohuel
720 3379 880 3438 Euritheus
896 3382 1030 3452 quoque)
1053 3376 1178 3435 citantur·
1200 3376 1392 3448 Theophrasti

239 3486 389 3559 aequalem
413 3483 505 3541 l'rrissc
528 3482 652 3540 coniicio
675 3495 711 3538 ex
734 3481 872 3540 Zacharia
894 3480 1067 3555 Mitylenaeo
1083 3479 1160 3552 apud
1177 3493 1264 3551 quem
1277 3483 1392 3534 veteres
1418 3523 1421 3530 .

239 3587 278 3646 illi
306 3585 473 3660 philosophi
505 3592 652 3657 tamquam
685 3582 816 3644 viventes
844 3579 1036 3641 Alexandriae
1069 3588 1181 3638 certant
1211 3579 1328 3650 dialogo
1355 3578 1392 3636 de

238 3697 382 3747 sectarum
406 3685 592 3760 praestantia,
616 3685 703 3742 simili
726 3699 814 3742 causa
837 3699 895 3757 qua
917 3682 1097 3755 posteriores
1120 3681 1269 3754 sophistae
1292 3687 1322 3738 et
1337 3680 1393 3754 Byr

238 3791 343 3848 cautini
367 3790 447 3846 velut
469 3785 702 3859 theophylactus
725 3785 871 3844 Simccata
892 3789 1024 3840 veterum
1039 3782 1283 3855 philosophorum
1297 3781 1393 3838 norni-

238 3893 327 3950 nihus
354 3889 383 3948 iu
407 3889 481 3948 lictis
509 3887 641 3962 epistolis
669 3887 826 3946 rrtehanlur
851 3884 972 3944 minime
994 3884 1035 3942 illi
1058 3883 1233 3942 lraudalauu‘
1256 3889 1394 3955 posteras

238 4003 333 4064 tamen
357 3993 437 4050 inriti
461 3991 704 4064 decipientes-
727 3995 758 4047 et
777 3995 893 4062 praeter
919 3987 974 4044 hos
1003 3985 1111 4059 quihus
1133 3984 1246 4043 aceedit
1267 3984 1394 4043 sonasse

238 4095 411 4170 Euphranor·
443 4093 491 4152 alii
526 4093 575 4166 qui
602 4089 775 4166 Pythagorei
809 4089 964 4148 voluerunt
991 4087 1090 4146 haberi
1123 4087 1228 4157 (lsocr.
1249 4085 1319 4142 Bos.
1338 4081 1392 4155 28,

238 4197 349 4256 Platon.
370 4198 457 4270 Hesp.
475 4193 567 4266 600),
597 4193 672 4251 sieru
700 4193 818 4250 Catonis
846 4189 933 4250 etiem
960 4197 1091 4261 ternpore
1119 4185 1393 4246 interiacentium

237 4299 386 4357 Nearchus
410 4299 459 4372 qui
483 4295 647 4356 seeundum
670 4293 842 4352 Ciceronem
864 4292 948 4367 quasi
971 4290 1126 4350 traditione
1148 4293 1394 4362 acceptasncrrar

239 4401 379 4475 Archytae
402 4400 528 4458 morales
551 4395 711 4457 sententias
735 4393 810 4467 (Cic.
828 4397 864 4456 de
879 4393 962 4454 amic.
980 4388 1030 4452 23.
1048 4389 1391 4452 deseu.12.PlutCat.
