3072 5164
779 347 835 415 tt

237 519 398 592 magmenta
424 519 460 580 ad
487 518 636 580 historiam
660 519 830 580 Platanismi
858 525 1004 592 spectare,
1031 531 1091 576 non
1119 519 1157 578 ad
1184 527 1298 580 ueteres
1320 519 1388 580 illos

236 621 442 695 Pythagoreos,
466 617 512 678 vel
534 621 589 680 boc
612 627 708 680 nmen
731 620 849 680 nomine
872 627 905 678 ut
927 619 1086 693 plurimam
1107 619 1284 680 advertenda
1308 622 1389 681 relat

236 728 352 794 praeter
378 721 498 804 moralia
525 720 673 782 Platonem
700 737 766 781 cnm
794 719 948 793 Aristotele
980 719 1145 778 seeundum
1171 721 1258 781 huius
1285 723 1388 784 aetatis

237 837 348 883 morem
372 823 423 895 (cl.
447 821 568 882 Krische
591 819 844 894 1011111312.
868 823 903 880 ci.
920 819 998 893 248)
1026 837 1102 894 quac
1124 823 1308 884 contundunt
1331 826 1388 884 Bu·

236 923 312 984 theri
335 925 459 984 maxime
482 925 618 984 Theanus
641 923 773 986 Brontini
795 925 974 999 Pythagorae
996 922 1107 982 Cliniae
1130 922 1251 984 Philolai
1273 927 1311 983 ad
1333 942 1390 984 nu·

237 1039 385 1084 merorum
411 1025 590 1086 dialecticam
617 1025 778 1098 fragmenta
804 1020 993 1098 pertinentia,
1021 1033 1172 1098 praeterea
1194 1025 1303 1086 Onatas
1325 1027 1389 1086 Ari·-

237 1133 338 1186 staeon
361 1126 511 1201 Archytas.
556 1125 657 1199 Neque
679 1141 750 1188 vero
771 1125 966 1188 Aristoxenus
988 1133 1017 1184 et
1039 1126 1233 1187 Dicaearchus
1248 1129 1389 1186 certiores

237 1227 333 1286 tontes
356 1235 425 1288 sont
447 1213 543 1300 neque
566 1227 603 1286 de
625 1226 683 1286 rita
705 1227 885 1302 Pythagorae
907 1229 944 1288 de
967 1243 1025 1300 qua
1046 1227 1119 1288 nihil
1141 1244 1197 1287 nos
1220 1229 1296 1288 scire
1318 1245 1389 1290 eon·

237 1328 377 1388 blandum
400 1334 445 1388 est
466 1326 523 1385 nisi
547 1335 597 1386 aut
619 1328 732 1388 tabulas
754 1327 894 1387 Herodoti
916 1327 974 1386 iam
997 1337 1089 1388 aetate
1111 1343 1149 1388 ne
1172 1329 1390 1390 dicambristo·

236 1429 305 1488 xeni
327 1428 512 1502 pervolgatas
535 1436 585 1487 aut
607 1429 760 1490 doctorum
783 1443 888 1490 causas
902 1441 1000 1488 rerum
1017 1445 1171 1504 nexusque
1187 1432 1390 1504 quaerentium

237 1530 432 1600 conjecturas,
460 1545 557 1604 neque
584 1531 621 1590 de
649 1531 787 1590 societate
810 1529 1000 1603 Pythagorica
1026 1533 1249 1604 praeceptisque
1276 1533 1389 1602 ethicis,

237 1647 328 1704 quum
350 1647 427 1706 quae
449 1631 490 1692 illi
513 1638 630 1692 narrant
653 1630 814 1692 doctrinam
842 1631 970 1688 referant
992 1630 1138 1691 Socratica
1164 1633 1225 1692 tere
1247 1641 1391 1706 tempera·

235 1740 293 1794 tem
331 1763 374 1778 -υ
407 1734 486 1806 quod
520 1734 565 1792 vel
603 1733 778 1807 Spintharus
805 1731 932 1792 Socratis
965 1733 1077 1790 amicus
1111 1733 1264 1807 ultimique
1296 1733 1390 1808 ipsius

237 1834 374 1896 Graeciae
396 1833 568 1909 Pythagorei
592 1832 768 1894 narrationis
790 1833 1000 1894 Aristoxeneae
1022 1833 1119 1892 fontes
1134 1834 1263 1896 indicant
1276 1867 1328 1907 -,
1344 1835 1391 1894 val

235 1935 334 2009 potius
356 1935 488 2008 ipsorum
511 1935 627 2018 illorum
650 1935 796 2008 propriam
820 1941 907 2010 atque
931 1935 1077 1994 societatis
1100 1935 1256 2009 imaginem
1276 1939 1312 1996 ad
1326 1937 1391 1998 Pla·

235 2037 349 2096 tonicae
365 2036 542 2110 reipublicae
558 2037 724 2110 exemplum
737 2034 876 2096 siliciam:
901 2039 956 2096 hoo
968 2035 1046 2093 enim
1061 2036 1212 2108 argnitrcl
1225 2037 1390 2098 Dicaearchi

236 2137 310 2196 ratio
333 2137 478 2198 rhetorica
496 2137 706 2216 Pythagoricus
729 2141 889 2198 sententias
912 2137 1135 2212 perorationes
1159 2155 1231 2212 qaas
1254 2138 1390 2214 aPytha

235 2245 307 2313 gnra
339 2240 437 2301 ltaliae
470 2240 558 2298 modo
590 2239 705 2313 appulsi
738 2239 851 2298 habitas
885 2239 968 2312 lingit
1000 2237 1202 2300 describentis.
1254 2241 1291 2300 lit
1318 2241 1390 2300 illud

236 2356 355 2415 qnoque
384 2341 464 2414 qnod
491 2341 673 2415 Peripatetici
702 2340 812 2402 Socrati
839 2340 1010 2414 Platonique
1042 2339 1149 2400 intensi
1181 2342 1233 2414 (oi.
1256 2357 1330 2416 quas
1352 2343 1390 2402 de

235 2442 355 2504 Socrate
387 2443 507 2502 fabellas
535 2443 729 2504 Aristoxenus
757 2443 883 2504 libenter
915 2441 1034 2516 repetit)
1071 2441 1261 2516 Pythagorica
1292 2451 1389 2504 tamen

215 2559 329 2618 vaeque
359 2560 393 2604 ac
420 2544 558 2604 Platonici
589 2545 816 2616 admirarentur,
855 2544 891 2606 ab
919 2544 1053 2616 utrisque
1088 2560 1122 2605 ea
1139 2545 1271 2604 diverso
1302 2545 1390 2604 moda

236 2646 386 2708 efformata
408 2661 476 2707 esse
500 2646 652 2720 significat.
697 2648 728 2706 ln
751 2661 839 2720 quam
861 2647 1025 2731 tabularum
1048 2645 1200 2708 historiam
1222 2646 1391 2722 Pythagori-

235 2761 336 2810 corum
369 2764 444 2822 qoae
477 2748 538 2806 lere
571 2749 658 2810 sedes
690 2757 759 2808 sont
791 2755 819 2806 et
846 2748 1061 2821 receptaculum
1094 2747 1225 2807 omnium
1252 2759 1327 2819 quae
1353 2761 1390 2806 ex

236 2848 364 2908 Orientis
386 2849 521 2922 patefacti
546 2851 806 2923 superstitionibus
821 2849 852 2908 in
868 2849 1018 2910 Graeciam
1036 2848 1194 2922 migrarent
1208 2877 1252 2890 --
1265 2847 1295 2908 id
1310 2849 1390 2920 qaod

224 2952 292 3012 -iam
314 2951 351 3008 de
373 2951 476 3024 primis
498 2944 733 3024 certissimisque
756 2951 936 3026 Pythagorae
958 2950 1072 3022 placitis
1103 2951 1138 3010 cl.
1155 2951 1261 3012 Herod.
1276 2946 1388 3020 3123.
1483 2953 1486 2958 ’

234 3054 264 3124 4,
280 3051 320 3116 95
343 3053 441 3124 (11.4,
459 3049 500 3112 15
523 3053 560 3110 de
583 3052 711 3126 Aristan)
735 3053 847 3110 Endon.
872 3067 917 3124 ap.
941 3051 1046 3124 Porph.
1071 3049 1090 3111 7
1114 3061 1143 3112 et
1164 3052 1302 3124 Porphyr.
1320 3067 1347 3110 v.
1358 3051 1387 3110 P.

235 3153 275 3216 19
298 3156 331 3227 (e
349 3149 557 3232 Dicaearchoi)
591 3162 620 3212 et
647 3161 715 3212 nota
743 3153 792 3210 illa
814 3153 1003 3226 Xenophanis
1026 3161 1054 3212 et
1076 3154 1195 3227 Empcd.
1220 3153 1389 3225 fragmenta,

235 3272 275 3316 se.
298 3257 393 3316 tribus
416 3255 462 3314 his
485 3255 599 3315 animae
622 3254 846 3325 immortalitate,
870 3271 923 3329 per
944 3255 1060 3315 diuersa
1082 3255 1251 3316 animalium
1266 3269 1389 3326 corpora

236 3359 399 3418 secuudum
432 3365 527 3418 certas
555 3356 693 3430 periodos
724 3356 897 3429 migratione
926 3365 955 3416 et
980 3357 1077 3418 earnis
1109 3355 1285 3418 abstinentia
1310 3362 1390 3414 arcte

235 3461 312 3520 inter
334 3474 367 3520 se
389 3459 553 3540 coniunctis
576 3447 715 3520 Herodoti
739 3457 905 3518 coniectura
929 3460 1079 3520 asserebat
1106 3491 1150 3502 -
1178 3460 1215 3518 ab
1241 3459 1390 3518 Herodoto

235 3561 272 3620 ad
294 3560 486 3633 Hermippum
512 3561 639 3634 indeque
662 3561 816 3632 usquead
838 3561 996 3620 Antonium
1019 3561 1179 3636 Diogenem
1201 3559 1389 3632 Apollonium

235 3663 342 3722 falsum
377 3669 406 3720 et
433 3661 641 3722 Philostratnm
675 3661 751 3720 inter
783 3661 908 3722 fontium
941 3661 1114 3724 ficariorum
1144 3669 1307 3724 assertores
1334 3664 1387 3735 (et.
1486 3741 1491 3746 ἱ

234 3770 351 3838 praeter
377 3762 586 3822 tabulariorum
613 3762 798 3836 publicorum
831 3761 898 3821 licta
923 3762 1091 3824 testimonia
1117 3763 1263 3838 Apollonii
1290 3779 1336 3839 ap.
1363 3764 1387 3822 1.

234 3883 261 3924 r.
285 3865 315 3923 P.
339 3862 411 3924 262.
461 3865 565 3923 Sorani
591 3863 641 3922 rit
669 3863 806 3938 Hippoer.
835 3878 860 3922 e.
883 3861 912 3934 1,
934 3860 963 3924 3.
996 3855 1103 3939 abgari
1129 3873 1159 3924 et
1186 3865 1294 3927 Christi
1320 3879 1387 3938 epp.

235 3983 281 4040 ap.
305 3967 413 4024 Euseb.
436 3965 503 4026 bist.
527 3966 598 4025 eccl.
622 3963 651 4036 1,
668 3962 719 4024 13.
762 3964 871 4023 Hirami
895 3972 924 4024 et
946 3965 1113 4026 Salomonis
1128 3979 1173 4038 ap.
1190 3965 1387 4040 iosephdnt.

234 4064 356 4139 tudae,
373 4065 394 4126 8
410 4075 465 4126 etc.
494 4066 620 4126 maxime
650 4068 686 4126 de
713 4066 911 4126 monumentis
935 4067 964 4126 in
987 4066 1131 4141 sepulcris
1154 4066 1282 4146 inventis
1304 4069 1385 4129 Suid.

236 4187 259 4228 s.
283 4169 453 4240 Acusilaus,
481 4167 588 4226 Antan.
611 4185 657 4242 ap.
681 4168 764 4226 Phot.
788 4183 812 4226 c.
830 4166 880 4240 94,
911 4168 1055 4228 Plutarch.
1080 4169 1116 4228 tie
1139 4171 1226 4242 genio
1250 4171 1332 4232 Soet·-
1356 4170 1387 4240 7,

235 4273 270 4332 de
293 4272 346 4332 fae.
370 4271 430 4330 lun.
454 4269 505 4340 26,
532 4277 683 4342 praeterea
705 4270 881 4330 llaemerom
904 4286 949 4350 ap.
973 4269 1045 4328 Pina
1070 4270 1106 4328 de
1129 4272 1165 4332 ls.
1188 4269 1230 4330 23
1253 4271 1386 4332 ctsmd.

234 4388 256 4430 s.
285 4362 422 4444 Δίκτυς,
458 4371 624 4430 Dardanum
652 4377 705 4428 ete.
742 4377 770 4432 et
803 4371 859 4430 alia
885 4372 1136 4444 quamplurima)
1169 4374 1265 4434 eleros
1294 4380 1322 4430 et
1349 4375 1388 4432 etl
