<?xml version="1.0" encoding="UTF-8"?>
<!DOCTYPE html PUBLIC "-//W3C//DTD XHTML 1.0 Transitional//EN"
    "http://www.w3.org/TR/xhtml1/DTD/xhtml1-transitional.dtd">
<html xmlns="http://www.w3.org/1999/xhtml" xml:lang="en" lang="en">
 <head>
  <title>
</title>
<meta http-equiv="Content-Type" content="text/html;charset=utf-8" />
  <meta name='ocr-system' content='tesseract 3.04.00' />
  <meta name='ocr-capabilities' content='ocr_page ocr_carea ocr_par ocr_line ocrx_word'/>
</head>
<body>
  <div class='ocr_page' id='page_1' title='image "./dearistotelisli01rosegoog_0151.png"; bbox 0 0 3036 5164; ppageno 0'>
   <div class='ocr_carea' id='block_1_1' title="bbox 709 287 921 374">
    <p class='ocr_par' dir='ltr' id='par_1_1' title="bbox 709 287 921 374">
     <span class='ocr_line' id='line_1_1' title="bbox 709 287 921 374; baseline -0.014 1"><span class='ocrx_word' id='word_1_1' title='bbox 709 287 921 374; x_wconf 68' lang='lat' dir='ltr'>ntis</span> 
     </span>
    </p>
   </div>
   <div class='ocr_carea' id='block_1_2' title="bbox 140 459 1483 4457">
    <p class='ocr_par' dir='ltr' id='par_1_2' title="bbox 140 459 1482 2820">
     <span class='ocr_line' id='line_1_2' title="bbox 140 459 1407 560; baseline -0.007 -13"><span class='ocrx_word' id='word_1_2' title='bbox 140 477 141 482; x_wconf 64' lang='grc'>’</span> <span class='ocrx_word' id='word_1_3' title='bbox 252 484 374 546; x_wconf 83' lang='lat' dir='ltr'>drabicc</span> <span class='ocrx_word' id='word_1_4' title='bbox 397 484 488 544; x_wconf 83' lang='lat' dir='ltr'>&#39;modo</span> <span class='ocrx_word' id='word_1_5' title='bbox 512 486 628 560; x_wconf 77' lang='lat' dir='ltr'>Syriaco</span> <span class='ocrx_word' id='word_1_6' title='bbox 660 486 785 546; x_wconf 86' lang='lat' dir='ltr'>vertisse</span> <span class='ocrx_word' id='word_1_7' title='bbox 819 501 874 545; x_wconf 87' lang='lat' dir='ltr'>nec</span> <span class='ocrx_word' id='word_1_8' title='bbox 903 487 999 543; x_wconf 90' lang='lat' dir='ltr'>solum</span> <span class='ocrx_word' id='word_1_9' title='bbox 1026 483 1059 543; x_wconf 87' lang='lat' dir='ltr'>ut</span> <span class='ocrx_word' id='word_1_10' title='bbox 1080 479 1110 543; x_wconf 92' lang='lat' dir='ltr'>in</span> <span class='ocrx_word' id='word_1_11' title='bbox 1134 459 1317 558; x_wconf 83' lang='lat' dir='ltr'>quibusdam</span> <span class='ocrx_word' id='word_1_12' title='bbox 1341 483 1407 539; x_wconf 83' lang='lat' dir='ltr'>sane</span> 
     </span>
     <span class='ocr_line' id='line_1_3' title="bbox 253 582 1408 663; baseline -0.008 -15"><span class='ocrx_word' id='word_1_13' title='bbox 253 597 282 648; x_wconf 89' lang='lat' dir='ltr'>ct</span> <span class='ocrx_word' id='word_1_14' title='bbox 315 587 528 662; x_wconf 77' lang='lat' dir='ltr'>antiquioribus</span> <span class='ocrx_word' id='word_1_15' title='bbox 566 584 698 663; x_wconf 88' lang='lat' dir='ltr'>(saepius</span> <span class='ocrx_word' id='word_1_16' title='bbox 731 588 809 647; x_wconf 88' lang='lat' dir='ltr'>anim</span> <span class='ocrx_word' id='word_1_17' title='bbox 843 587 932 646; x_wconf 91' lang='lat' dir='ltr'>iidem</span> <span class='ocrx_word' id='word_1_18' title='bbox 965 587 1029 646; x_wconf 81' lang='lat' dir='ltr'>libri</span> <span class='ocrx_word' id='word_1_19' title='bbox 1058 595 1087 646; x_wconf 89' lang='lat' dir='ltr'>et</span> <span class='ocrx_word' id='word_1_20' title='bbox 1108 587 1154 644; x_wconf 90' lang='lat' dir='ltr'>vel</span> <span class='ocrx_word' id='word_1_21' title='bbox 1181 585 1217 644; x_wconf 91' lang='lat' dir='ltr'>ab</span> <span class='ocrx_word' id='word_1_22' title='bbox 1244 585 1357 642; x_wconf 87' lang='lat' dir='ltr'>eodem</span> <span class='ocrx_word' id='word_1_23' title='bbox 1383 582 1408 640; x_wconf 92' lang='lat' dir='ltr'>iu</span> 
     </span>
     <span class='ocr_line' id='line_1_4' title="bbox 253 681 1409 765; baseline -0.006 -15"><span class='ocrx_word' id='word_1_24' title='bbox 253 698 408 765; x_wconf 85' lang='lat' dir='ltr'>utramque</span> <span class='ocrx_word' id='word_1_25' title='bbox 430 691 559 765; x_wconf 83' lang='lat' dir='ltr'>linguam</span> <span class='ocrx_word' id='word_1_26' title='bbox 581 690 738 764; x_wconf 76' lang='lat' dir='ltr'>interprete</span> <span class='ocrx_word' id='word_1_27' title='bbox 760 691 840 751; x_wconf 89' lang='lat' dir='ltr'>velut</span> <span class='ocrx_word' id='word_1_28' title='bbox 862 690 995 749; x_wconf 89' lang='lat' dir='ltr'>Houcino</span> <span class='ocrx_word' id='word_1_29' title='bbox 1011 690 1046 748; x_wconf 89' lang='lat' dir='ltr'>cl.</span> <span class='ocrx_word' id='word_1_30' title='bbox 1061 688 1151 749; x_wconf 87' lang='lat' dir='ltr'>Casiri</span> <span class='ocrx_word' id='word_1_31' title='bbox 1168 687 1197 760; x_wconf 91' lang='grc'>1.,</span> <span class='ocrx_word' id='word_1_32' title='bbox 1213 686 1280 746; x_wconf 81' lang='lat'>254</span> <span class='ocrx_word' id='word_1_33' title='bbox 1292 701 1339 760; x_wconf 86' lang='lat' dir='ltr'>sq.</span> <span class='ocrx_word' id='word_1_34' title='bbox 1353 681 1409 744; x_wconf 78' lang='lat'>286</span> 
     </span>
     <span class='ocr_line' id='line_1_5' title="bbox 255 791 1411 870; baseline -0.006 -18"><span class='ocrx_word' id='word_1_35' title='bbox 255 794 385 854; x_wconf 81' lang='lat' dir='ltr'>translati</span> <span class='ocrx_word' id='word_1_36' title='bbox 397 801 466 854; x_wconf 90' lang='lat' dir='ltr'>sunt</span> <span class='ocrx_word' id='word_1_37' title='bbox 478 807 536 852; x_wconf 89' lang='lat' dir='ltr'>see.</span> <span class='ocrx_word' id='word_1_38' title='bbox 550 792 587 850; x_wconf 90' lang='lat' dir='ltr'>lll</span> <span class='ocrx_word' id='word_1_39' title='bbox 599 800 627 850; x_wconf 86' lang='lat' dir='ltr'>ct</span> <span class='ocrx_word' id='word_1_40' title='bbox 638 792 675 870; x_wconf 89' lang='lat' dir='ltr'>ll)</span> <span class='ocrx_word' id='word_1_41' title='bbox 699 793 885 854; x_wconf 87' lang='lat' dir='ltr'>versionibus</span> <span class='ocrx_word' id='word_1_42' title='bbox 902 792 1125 866; x_wconf 82' lang='lat' dir='ltr'>Aristotelisqne</span> <span class='ocrx_word' id='word_1_43' title='bbox 1147 791 1276 850; x_wconf 87' lang='lat' dir='ltr'>maxime</span> <span class='ocrx_word' id='word_1_44' title='bbox 1294 796 1411 864; x_wconf 89' lang='lat' dir='ltr'>propter</span> 
     </span>
     <span class='ocr_line' id='line_1_6' title="bbox 255 869 1410 970; baseline -0.007 -15"><span class='ocrx_word' id='word_1_45' title='bbox 255 897 389 956; x_wconf 89' lang='lat' dir='ltr'>codicum</span> <span class='ocrx_word' id='word_1_46' title='bbox 413 897 589 956; x_wconf 86' lang='lat' dir='ltr'>Graecorum</span> <span class='ocrx_word' id='word_1_47' title='bbox 611 895 758 954; x_wconf 78' lang='lat' dir='ltr'>raritatem</span> <span class='ocrx_word' id='word_1_48' title='bbox 782 869 970 969; x_wconf 66' lang='lat' dir='ltr'>factumest,</span> <span class='ocrx_word' id='word_1_49' title='bbox 995 911 1029 953; x_wconf 85' lang='lat' dir='ltr'>ex</span> <span class='ocrx_word' id='word_1_50' title='bbox 1054 894 1181 970; x_wconf 80' lang='lat' dir='ltr'>Syriacis</span> <span class='ocrx_word' id='word_1_51' title='bbox 1204 891 1410 952; x_wconf 88' lang='lat' dir='ltr'>demum.sire</span> 
     </span>
     <span class='ocr_line' id='line_1_7' title="bbox 254 997 1412 1074; baseline -0.008 -16"><span class='ocrx_word' id='word_1_52' title='bbox 254 1000 381 1074; x_wconf 90' lang='lat' dir='ltr'>propriis</span> <span class='ocrx_word' id='word_1_53' title='bbox 404 999 465 1059; x_wconf 91' lang='lat' dir='ltr'>sive</span> <span class='ocrx_word' id='word_1_54' title='bbox 488 999 611 1056; x_wconf 86' lang='lat' dir='ltr'>aliorum</span> <span class='ocrx_word' id='word_1_55' title='bbox 634 997 830 1072; x_wconf 82' lang='lat' dir='ltr'>versionibus,</span> <span class='ocrx_word' id='word_1_56' title='bbox 858 999 913 1058; x_wconf 89' lang='lat' dir='ltr'>boe</span> <span class='ocrx_word' id='word_1_57' title='bbox 941 1005 970 1056; x_wconf 86' lang='lat' dir='ltr'>ct</span> <span class='ocrx_word' id='word_1_58' title='bbox 991 1013 1088 1057; x_wconf 92' lang='lat' dir='ltr'>rerum</span> <span class='ocrx_word' id='word_1_59' title='bbox 1112 1003 1233 1056; x_wconf 83' lang='lat' dir='ltr'>naturae</span> <span class='ocrx_word' id='word_1_60' title='bbox 1253 1000 1412 1054; x_wconf 87' lang='lat' dir='ltr'>consenta-</span> 
     </span>
     <span class='ocr_line' id='line_1_8' title="bbox 254 1097 1411 1174; baseline -0.007 -13"><span class='ocrx_word' id='word_1_61' title='bbox 254 1119 343 1162; x_wconf 89' lang='lat' dir='ltr'>neum</span> <span class='ocrx_word' id='word_1_62' title='bbox 372 1110 417 1162; x_wconf 87' lang='lat' dir='ltr'>est</span> <span class='ocrx_word' id='word_1_63' title='bbox 439 1110 468 1161; x_wconf 92' lang='lat' dir='ltr'>et</span> <span class='ocrx_word' id='word_1_64' title='bbox 490 1101 618 1162; x_wconf 78' lang='lat' dir='ltr'>Arabum</span> <span class='ocrx_word' id='word_1_65' title='bbox 640 1101 827 1161; x_wconf 88' lang='lat' dir='ltr'>testimoniis.</span> <span class='ocrx_word' id='word_1_66' title='bbox 873 1099 958 1170; x_wconf 85' lang='lat' dir='ltr'>Quod</span> <span class='ocrx_word' id='word_1_67' title='bbox 986 1109 1083 1159; x_wconf 88' lang='lat' dir='ltr'>autem</span> <span class='ocrx_word' id='word_1_68' title='bbox 1110 1101 1144 1159; x_wconf 84' lang='lat' dir='ltr'>sd</span> <span class='ocrx_word' id='word_1_69' title='bbox 1169 1100 1234 1159; x_wconf 91' lang='lat' dir='ltr'>illas</span> <span class='ocrx_word' id='word_1_70' title='bbox 1256 1097 1411 1174; x_wconf 82' lang='lat' dir='ltr'>versiones</span> 
     </span>
     <span class='ocr_line' id='line_1_9' title="bbox 256 1198 1412 1279; baseline -0.01 -15"><span class='ocrx_word' id='word_1_71' title='bbox 256 1221 330 1279; x_wconf 85' lang='lat' dir='ltr'>quas</span> <span class='ocrx_word' id='word_1_72' title='bbox 364 1205 499 1278; x_wconf 80' lang='lat' dir='ltr'>sequeitur</span> <span class='ocrx_word' id='word_1_73' title='bbox 519 1203 663 1264; x_wconf 75' lang='lat' dir='ltr'>averroes</span> <span class='ocrx_word' id='word_1_74' title='bbox 699 1205 891 1278; x_wconf 85' lang='lat' dir='ltr'>interpretum</span> <span class='ocrx_word' id='word_1_75' title='bbox 924 1203 1094 1263; x_wconf 90' lang='lat' dir='ltr'>nominibus</span> <span class='ocrx_word' id='word_1_76' title='bbox 1128 1201 1285 1261; x_wconf 86' lang='lat' dir='ltr'>destitutas</span> <span class='ocrx_word' id='word_1_77' title='bbox 1317 1198 1358 1257; x_wconf 87' lang='lat' dir='ltr'>ite</span> <span class='ocrx_word' id='word_1_78' title='bbox 1384 1203 1412 1254; x_wconf 95' lang='lat' dir='ltr'>ut</span> 
     </span>
     <span class='ocr_line' id='line_1_10' title="bbox 256 1303 1411 1382; baseline -0.01 -16"><span class='ocrx_word' id='word_1_79' title='bbox 256 1317 353 1366; x_wconf 92' lang='lat' dir='ltr'>utrum</span> <span class='ocrx_word' id='word_1_80' title='bbox 376 1323 412 1366; x_wconf 87' lang='lat' dir='ltr'>ex</span> <span class='ocrx_word' id='word_1_81' title='bbox 436 1307 555 1382; x_wconf 76' lang='lat' dir='ltr'>Syriaco</span> <span class='ocrx_word' id='word_1_82' title='bbox 583 1307 741 1381; x_wconf 79' lang='lat' dir='ltr'>exemplari</span> <span class='ocrx_word' id='word_1_83' title='bbox 770 1307 929 1382; x_wconf 85' lang='lat' dir='ltr'>prodierint</span> <span class='ocrx_word' id='word_1_84' title='bbox 955 1307 1134 1379; x_wconf 90' lang='lat' dir='ltr'>eaedemque</span> <span class='ocrx_word' id='word_1_85' title='bbox 1160 1303 1219 1363; x_wconf 91' lang='lat' dir='ltr'>sint</span> <span class='ocrx_word' id='word_1_86' title='bbox 1245 1303 1318 1361; x_wconf 87' lang='lat' dir='ltr'>illac</span> <span class='ocrx_word' id='word_1_87' title='bbox 1342 1313 1411 1374; x_wconf 86' lang='lat' dir='ltr'>quas</span> 
     </span>
     <span class='ocr_line' id='line_1_11' title="bbox 257 1403 1411 1478; baseline -0.01 -9"><span class='ocrx_word' id='word_1_88' title='bbox 257 1409 397 1469; x_wconf 84' lang='lat' dir='ltr'>Nedimus</span> <span class='ocrx_word' id='word_1_89' title='bbox 432 1409 529 1468; x_wconf 86' lang='lat' dir='ltr'>addita</span> <span class='ocrx_word' id='word_1_90' title='bbox 555 1418 625 1468; x_wconf 89' lang='lat' dir='ltr'>nota</span> <span class='ocrx_word' id='word_1_91' title='bbox 652 1425 669 1468; x_wconf 89' lang='lat' dir='ltr'>a</span> <span class='ocrx_word' id='word_1_92' title='bbox 690 1409 877 1470; x_wconf 87' lang='lat' dir='ltr'>versionibus</span> <span class='ocrx_word' id='word_1_93' title='bbox 901 1405 1164 1468; x_wconf 81' lang='lat' dir='ltr'>Graeco-Arabicis</span> <span class='ocrx_word' id='word_1_94' title='bbox 1198 1403 1359 1478; x_wconf 84' lang='lat' dir='ltr'>distinguit</span> <span class='ocrx_word' id='word_1_95' title='bbox 1380 1415 1411 1460; x_wconf 89' lang='lat' dir='ltr'>an</span> 
     </span>
     <span class='ocr_line' id='line_1_12' title="bbox 258 1505 1413 1585; baseline -0.009 -14"><span class='ocrx_word' id='word_1_96' title='bbox 258 1529 295 1572; x_wconf 87' lang='lat' dir='ltr'>ex</span> <span class='ocrx_word' id='word_1_97' title='bbox 318 1512 428 1579; x_wconf 85' lang='lat' dir='ltr'>Graeco</span> <span class='ocrx_word' id='word_1_98' title='bbox 451 1512 558 1583; x_wconf 85' lang='lat' dir='ltr'>iactae,</span> <span class='ocrx_word' id='word_1_99' title='bbox 587 1526 623 1569; x_wconf 89' lang='lat' dir='ltr'>ex</span> <span class='ocrx_word' id='word_1_100' title='bbox 646 1510 710 1585; x_wconf 85' lang='lat' dir='ltr'>ipse</span> <span class='ocrx_word' id='word_1_101' title='bbox 739 1518 850 1572; x_wconf 90' lang='lat' dir='ltr'>tantum</span> <span class='ocrx_word' id='word_1_102' title='bbox 877 1511 1003 1570; x_wconf 90' lang='lat' dir='ltr'>lectione</span> <span class='ocrx_word' id='word_1_103' title='bbox 1030 1508 1164 1568; x_wconf 90' lang='lat' dir='ltr'>concludi</span> <span class='ocrx_word' id='word_1_104' title='bbox 1191 1507 1304 1583; x_wconf 87' lang='lat' dir='ltr'>possit,</span> <span class='ocrx_word' id='word_1_105' title='bbox 1329 1505 1413 1562; x_wconf 87' lang='lat' dir='ltr'>Meta-</span> 
     </span>
     <span class='ocr_line' id='line_1_13' title="bbox 258 1611 1412 1699; baseline -0.007 -25"><span class='ocrx_word' id='word_1_106' title='bbox 258 1613 447 1690; x_wconf 85' lang='lat' dir='ltr'>pbysicorum</span> <span class='ocrx_word' id='word_1_107' title='bbox 470 1622 548 1673; x_wconf 87' lang='lat' dir='ltr'>certe</span> <span class='ocrx_word' id='word_1_108' title='bbox 571 1613 736 1699; x_wconf 86' lang='lat' dir='ltr'>versionem</span> <span class='ocrx_word' id='word_1_109' title='bbox 760 1631 835 1690; x_wconf 88' lang='lat' dir='ltr'>quae</span> <span class='ocrx_word' id='word_1_110' title='bbox 858 1615 888 1672; x_wconf 89' lang='lat' dir='ltr'>in</span> <span class='ocrx_word' id='word_1_111' title='bbox 910 1613 1047 1673; x_wconf 77' lang='lat' dir='ltr'>averrois</span> <span class='ocrx_word' id='word_1_112' title='bbox 1071 1628 1137 1687; x_wconf 93' lang='lat' dir='ltr'>opp.</span> <span class='ocrx_word' id='word_1_113' title='bbox 1151 1611 1268 1686; x_wconf 86' lang='lat' dir='ltr'>legitur,</span> <span class='ocrx_word' id='word_1_114' title='bbox 1286 1616 1412 1685; x_wconf 79' lang='lat' dir='ltr'>praeter</span> 
     </span>
     <span class='ocr_line' id='line_1_14' title="bbox 259 1707 1411 1792; baseline -0.01 -16"><span class='ocrx_word' id='word_1_115' title='bbox 259 1733 346 1791; x_wconf 86' lang='lat' dir='ltr'>quam</span> <span class='ocrx_word' id='word_1_116' title='bbox 370 1718 448 1790; x_wconf 85' lang='lat' dir='ltr'>quod</span> <span class='ocrx_word' id='word_1_117' title='bbox 472 1717 509 1775; x_wconf 93' lang='lat' dir='ltr'>de</span> <span class='ocrx_word' id='word_1_118' title='bbox 531 1715 668 1775; x_wconf 87' lang='lat' dir='ltr'>versione</span> <span class='ocrx_word' id='word_1_119' title='bbox 690 1719 815 1791; x_wconf 88' lang='lat' dir='ltr'>quadam</span> <span class='ocrx_word' id='word_1_120' title='bbox 839 1714 1036 1792; x_wconf 76' lang='lat' dir='ltr'>Syro-&#39;drab</span> <span class='ocrx_word' id='word_1_121' title='bbox 1059 1713 1132 1774; x_wconf 89' lang='lat' dir='ltr'>nibil</span> <span class='ocrx_word' id='word_1_122' title='bbox 1154 1713 1253 1773; x_wconf 87' lang='lat' dir='ltr'>retulit</span> <span class='ocrx_word' id='word_1_123' title='bbox 1272 1707 1411 1771; x_wconf 86' lang='lat' dir='ltr'>Nedimus</span> 
     </span>
     <span class='ocr_line' id='line_1_15' title="bbox 260 1809 1411 1897; baseline -0.01 -19"><span class='ocrx_word' id='word_1_124' title='bbox 260 1819 308 1897; x_wconf 87' lang='lat' dir='ltr'>(cl.</span> <span class='ocrx_word' id='word_1_125' title='bbox 336 1835 381 1892; x_wconf 89' lang='lat' dir='ltr'>ap.</span> <span class='ocrx_word' id='word_1_126' title='bbox 410 1818 563 1893; x_wconf 88' lang='lat' dir='ltr'>Hottinger</span> <span class='ocrx_word' id='word_1_127' title='bbox 589 1818 661 1876; x_wconf 89' lang='lat' dir='ltr'>Bibl.</span> <span class='ocrx_word' id='word_1_128' title='bbox 690 1820 794 1879; x_wconf 88' lang='lat' dir='ltr'>orient.</span> <span class='ocrx_word' id='word_1_129' title='bbox 818 1837 846 1894; x_wconf 93' lang='lat' dir='ltr'>p.</span> <span class='ocrx_word' id='word_1_130' title='bbox 863 1818 927 1879; x_wconf 78' lang='lat'>240</span> <span class='ocrx_word' id='word_1_131' title='bbox 943 1835 987 1893; x_wconf 86' lang='lat' dir='ltr'>sq.</span> <span class='ocrx_word' id='word_1_132' title='bbox 1016 1816 1108 1877; x_wconf 84' lang='lat' dir='ltr'>Casiri</span> <span class='ocrx_word' id='word_1_133' title='bbox 1131 1813 1248 1892; x_wconf 74' lang='grc'><strong>1306.</strong></span> <span class='ocrx_word' id='word_1_134' title='bbox 1287 1809 1411 1873; x_wconf 89' lang='lat' dir='ltr'>Hadsebi</span> 
     </span>
     <span class='ocr_line' id='line_1_16' title="bbox 259 1917 1411 1998; baseline -0.008 -19"><span class='ocrx_word' id='word_1_135' title='bbox 259 1921 313 1980; x_wconf 88' lang='lat' dir='ltr'>llb.</span> <span class='ocrx_word' id='word_1_136' title='bbox 330 1919 359 1994; x_wconf 84' lang='lat' dir='ltr'>t,</span> <span class='ocrx_word' id='word_1_137' title='bbox 377 1917 440 1998; x_wconf 84' lang='lat'><strong>50),</strong></span> <span class='ocrx_word' id='word_1_138' title='bbox 464 1921 535 1980; x_wconf 90' lang='lat' dir='ltr'>mibi</span> <span class='ocrx_word' id='word_1_139' title='bbox 558 1919 732 1994; x_wconf 84' lang='lat' dir='ltr'>persuasum</span> <span class='ocrx_word' id='word_1_140' title='bbox 756 1929 801 1980; x_wconf 90' lang='lat' dir='ltr'>est</span> <span class='ocrx_word' id='word_1_141' title='bbox 823 1921 924 1981; x_wconf 80' lang='lat' dir='ltr'>Gracci</span> <span class='ocrx_word' id='word_1_142' title='bbox 952 1936 1020 1980; x_wconf 89' lang='lat' dir='ltr'>esse</span> <span class='ocrx_word' id='word_1_143' title='bbox 1046 1919 1221 1994; x_wconf 84' lang='lat' dir='ltr'>exemplaris</span> <span class='ocrx_word' id='word_1_144' title='bbox 1244 1919 1316 1978; x_wconf 86' lang='lat' dir='ltr'>lieet</span> <span class='ocrx_word' id='word_1_145' title='bbox 1337 1917 1411 1976; x_wconf 88' lang='lat' dir='ltr'>laeu-</span> 
     </span>
     <span class='ocr_line' id='line_1_17' title="bbox 260 2019 1410 2098; baseline -0.008 -16"><span class='ocrx_word' id='word_1_146' title='bbox 260 2023 337 2096; x_wconf 85' lang='lat' dir='ltr'>nosi‚</span> <span class='ocrx_word' id='word_1_147' title='bbox 360 2023 390 2082; x_wconf 93' lang='lat' dir='ltr'>id</span> <span class='ocrx_word' id='word_1_148' title='bbox 413 2023 492 2096; x_wconf 89' lang='lat' dir='ltr'>quod</span> <span class='ocrx_word' id='word_1_149' title='bbox 515 2022 579 2096; x_wconf 87' lang='lat' dir='ltr'>ipse</span> <span class='ocrx_word' id='word_1_150' title='bbox 602 2023 720 2097; x_wconf 88' lang='lat' dir='ltr'>saepius</span> <span class='ocrx_word' id='word_1_151' title='bbox 742 2025 852 2084; x_wconf 92' lang='lat' dir='ltr'>notavit</span> <span class='ocrx_word' id='word_1_152' title='bbox 865 2032 894 2084; x_wconf 93' lang='lat' dir='ltr'>et</span> <span class='ocrx_word' id='word_1_153' title='bbox 905 2024 1049 2098; x_wconf 89' lang='lat' dir='ltr'>interpres</span> <span class='ocrx_word' id='word_1_154' title='bbox 1066 2021 1153 2082; x_wconf 90' lang='lat' dir='ltr'>illatis</span> <span class='ocrx_word' id='word_1_155' title='bbox 1166 2022 1264 2082; x_wconf 89' lang='lat' dir='ltr'>verbis</span> <span class='ocrx_word' id='word_1_156' title='bbox 1289 2019 1410 2095; x_wconf 80' lang='lat' dir='ltr'>„Album</span> 
     </span>
     <span class='ocr_line' id='line_1_18' title="bbox 260 2123 1410 2211; baseline -0.006 -29"><span class='ocrx_word' id='word_1_157' title='bbox 260 2125 291 2211; x_wconf 91' lang='lat' dir='ltr'>in</span> <span class='ocrx_word' id='word_1_158' title='bbox 315 2125 441 2184; x_wconf 84' lang='lat' dir='ltr'>Graeoo”</span> <span class='ocrx_word' id='word_1_159' title='bbox 469 2124 531 2182; x_wconf 89' lang='lat' dir='ltr'>sive</span> <span class='ocrx_word' id='word_1_160' title='bbox 558 2123 685 2196; x_wconf 82' lang='lat' dir='ltr'>„Album</span> <span class='ocrx_word' id='word_1_161' title='bbox 711 2126 742 2184; x_wconf 95' lang='lat' dir='ltr'>in</span> <span class='ocrx_word' id='word_1_162' title='bbox 769 2125 943 2201; x_wconf 82' lang='lat' dir='ltr'>exemplari’</span> <span class='ocrx_word' id='word_1_163' title='bbox 978 2133 1006 2184; x_wconf 90' lang='lat' dir='ltr'>et</span> <span class='ocrx_word' id='word_1_164' title='bbox 1028 2131 1240 2185; x_wconf 82' lang='lat' dir='ltr'>commentator</span> <span class='ocrx_word' id='word_1_165' title='bbox 1261 2125 1410 2183; x_wconf 86' lang='lat' dir='ltr'>Averroes.</span> 
     </span>
     <span class='ocr_line' id='line_1_19' title="bbox 260 2219 1410 2301; baseline -0.002 -16"><span class='ocrx_word' id='word_1_166' title='bbox 260 2229 296 2286; x_wconf 85' lang='lat' dir='ltr'>itt</span> <span class='ocrx_word' id='word_1_167' title='bbox 318 2243 390 2286; x_wconf 88' lang='lat' dir='ltr'>sane</span> <span class='ocrx_word' id='word_1_168' title='bbox 417 2227 536 2300; x_wconf 88' lang='lat' dir='ltr'>quidem</span> <span class='ocrx_word' id='word_1_169' title='bbox 563 2233 678 2300; x_wconf 89' lang='lat' dir='ltr'>praeter</span> <span class='ocrx_word' id='word_1_170' title='bbox 704 2228 832 2287; x_wconf 81' lang='lat' dir='ltr'>fabulam</span> <span class='ocrx_word' id='word_1_171' title='bbox 859 2228 938 2286; x_wconf 88' lang='lat' dir='ltr'>illam</span> <span class='ocrx_word' id='word_1_172' title='bbox 965 2227 1001 2286; x_wconf 91' lang='lat' dir='ltr'>dc</span> <span class='ocrx_word' id='word_1_173' title='bbox 1032 2223 1135 2301; x_wconf 82' lang='lat' dir='ltr'>legatis</span> <span class='ocrx_word' id='word_1_174' title='bbox 1158 2227 1340 2288; x_wconf 82' lang='lat' dir='ltr'>Kbalilarum</span> <span class='ocrx_word' id='word_1_175' title='bbox 1367 2219 1410 2297; x_wconf 83' lang='lat' dir='ltr'>qui</span> 
     </span>
     <span class='ocr_line' id='line_1_20' title="bbox 261 2329 1412 2405; baseline -0.004 -17"><span class='ocrx_word' id='word_1_176' title='bbox 261 2330 353 2388; x_wconf 89' lang='lat' dir='ltr'>libros</span> <span class='ocrx_word' id='word_1_177' title='bbox 381 2329 507 2388; x_wconf 82' lang='lat' dir='ltr'>Graecos</span> <span class='ocrx_word' id='word_1_178' title='bbox 540 2335 674 2402; x_wconf 88' lang='lat' dir='ltr'>peterent</span> <span class='ocrx_word' id='word_1_179' title='bbox 707 2331 742 2388; x_wconf 91' lang='lat' dir='ltr'>ad</span> <span class='ocrx_word' id='word_1_180' title='bbox 766 2330 957 2405; x_wconf 81' lang='lat' dir='ltr'>Byzantinum</span> <span class='ocrx_word' id='word_1_181' title='bbox 991 2329 1195 2404; x_wconf 89' lang='lat' dir='ltr'>imperatorem</span> <span class='ocrx_word' id='word_1_182' title='bbox 1228 2330 1337 2390; x_wconf 85' lang='lat' dir='ltr'>missis</span> <span class='ocrx_word' id='word_1_183' title='bbox 1365 2329 1412 2385; x_wconf 86' lang='lat' dir='ltr'>bac</span> 
     </span>
     <span class='ocr_line' id='line_1_21' title="bbox 261 2430 1410 2513; baseline -0.006 -21"><span class='ocrx_word' id='word_1_184' title='bbox 261 2433 388 2492; x_wconf 86' lang='lat' dir='ltr'>maxime</span> <span class='ocrx_word' id='word_1_185' title='bbox 410 2447 442 2491; x_wconf 86' lang='lat' dir='ltr'>re</span> <span class='ocrx_word' id='word_1_186' title='bbox 465 2445 547 2490; x_wconf 88' lang='lat' dir='ltr'>raros</span> <span class='ocrx_word' id='word_1_187' title='bbox 571 2431 663 2490; x_wconf 85' lang='lat' dir='ltr'>luisse</span> <span class='ocrx_word' id='word_1_188' title='bbox 686 2430 715 2489; x_wconf 94' lang='lat' dir='ltr'>in</span> <span class='ocrx_word' id='word_1_189' title='bbox 739 2431 824 2492; x_wconf 84' lang='lat' dir='ltr'>Asiae</span> <span class='ocrx_word' id='word_1_190' title='bbox 846 2433 1018 2509; x_wconf 83' lang='lat' dir='ltr'>regionibus</span> <span class='ocrx_word' id='word_1_191' title='bbox 1031 2433 1158 2494; x_wconf 86' lang='lat' dir='ltr'>Graecos</span> <span class='ocrx_word' id='word_1_192' title='bbox 1181 2433 1300 2513; x_wconf 89' lang='lat' dir='ltr'>codices</span> <span class='ocrx_word' id='word_1_193' title='bbox 1319 2437 1410 2492; x_wconf 87' lang='lat' dir='ltr'>osten·</span> 
     </span>
     <span class='ocr_line' id='line_1_22' title="bbox 264 2532 1412 2613; baseline -0.008 -19"><span class='ocrx_word' id='word_1_194' title='bbox 264 2537 349 2608; x_wconf 87' lang='lat' dir='ltr'>ditur,</span> <span class='ocrx_word' id='word_1_195' title='bbox 374 2534 454 2610; x_wconf 91' lang='lat' dir='ltr'>quod</span> <span class='ocrx_word' id='word_1_196' title='bbox 476 2539 505 2592; x_wconf 90' lang='lat' dir='ltr'>et</span> <span class='ocrx_word' id='word_1_197' title='bbox 527 2534 635 2592; x_wconf 91' lang='lat' dir='ltr'>multos</span> <span class='ocrx_word' id='word_1_198' title='bbox 657 2534 748 2594; x_wconf 89' lang='lat' dir='ltr'>libros</span> <span class='ocrx_word' id='word_1_199' title='bbox 770 2553 823 2611; x_wconf 90' lang='lat' dir='ltr'>per</span> <span class='ocrx_word' id='word_1_200' title='bbox 844 2545 942 2613; x_wconf 84' lang='lat' dir='ltr'>portes</span> <span class='ocrx_word' id='word_1_201' title='bbox 965 2545 1078 2597; x_wconf 92' lang='lat' dir='ltr'>tantum</span> <span class='ocrx_word' id='word_1_202' title='bbox 1101 2553 1260 2596; x_wconf 90' lang='lat' dir='ltr'>conversos</span> <span class='ocrx_word' id='word_1_203' title='bbox 1284 2532 1412 2595; x_wconf 82' lang='lat' dir='ltr'>extitisse</span> 
     </span>
     <span class='ocr_line' id='line_1_23' title="bbox 264 2633 1410 2716; baseline -0.002 -20"><span class='ocrx_word' id='word_1_204' title='bbox 264 2644 379 2697; x_wconf 90' lang='lat' dir='ltr'>constat</span> <span class='ocrx_word' id='word_1_205' title='bbox 412 2633 504 2713; x_wconf 89' lang='lat' dir='ltr'>(velut</span> <span class='ocrx_word' id='word_1_206' title='bbox 525 2634 608 2694; x_wconf 37' lang='lat' dir='ltr'>Alexa</span> <span class='ocrx_word' id='word_1_207' title='bbox 636 2643 664 2694; x_wconf 90' lang='lat' dir='ltr'>et</span> <span class='ocrx_word' id='word_1_208' title='bbox 690 2636 827 2697; x_wconf 83' lang='lat' dir='ltr'>Tbemist</span> <span class='ocrx_word' id='word_1_209' title='bbox 851 2655 956 2698; x_wconf 92' lang='lat' dir='ltr'>comm.</span> <span class='ocrx_word' id='word_1_210' title='bbox 981 2641 1009 2698; x_wconf 94' lang='lat' dir='ltr'>in</span> <span class='ocrx_word' id='word_1_211' title='bbox 1033 2641 1136 2716; x_wconf 79' lang='lat' dir='ltr'>Phys,</span> <span class='ocrx_word' id='word_1_212' title='bbox 1166 2639 1259 2698; x_wconf 90' lang='lat' dir='ltr'>eiusd.</span> <span class='ocrx_word' id='word_1_213' title='bbox 1284 2638 1365 2696; x_wconf 85' lang='lat' dir='ltr'>Alex.</span> <span class='ocrx_word' id='word_1_214' title='bbox 1386 2636 1410 2689; x_wconf 83' lang='lat' dir='ltr'>et</span> 
     </span>
     <span class='ocr_line' id='line_1_24' title="bbox 263 2727 1482 2820; baseline -0.007 -20"><span class='ocrx_word' id='word_1_215' title='bbox 263 2739 409 2799; x_wconf 81' lang='lat' dir='ltr'>Ammonii</span> <span class='ocrx_word' id='word_1_216' title='bbox 426 2739 462 2797; x_wconf 89' lang='lat' dir='ltr'>in</span> <span class='ocrx_word' id='word_1_217' title='bbox 485 2739 555 2814; x_wconf 87' lang='lat' dir='ltr'>Top.</span> <span class='ocrx_word' id='word_1_218' title='bbox 579 2737 686 2812; x_wconf 87' lang='lat' dir='ltr'>aliique</span> <span class='ocrx_word' id='word_1_219' title='bbox 709 2739 828 2820; x_wconf 90' lang='lat' dir='ltr'>comm.)</span> <span class='ocrx_word' id='word_1_220' title='bbox 852 2727 885 2801; x_wconf 86' lang='lat' dir='ltr'>et</span> <span class='ocrx_word' id='word_1_221' title='bbox 902 2743 984 2816; x_wconf 91' lang='lat' dir='ltr'>ipsus</span> <span class='ocrx_word' id='word_1_222' title='bbox 1008 2757 1096 2818; x_wconf 84' lang='lat' dir='ltr'>saepe</span> <span class='ocrx_word' id='word_1_223' title='bbox 1118 2743 1293 2816; x_wconf 89' lang='lat' dir='ltr'>interpretes</span> <span class='ocrx_word' id='word_1_224' title='bbox 1318 2741 1353 2798; x_wconf 93' lang='lat' dir='ltr'>de</span> <span class='ocrx_word' id='word_1_225' title='bbox 1374 2733 1411 2793; x_wconf 84' lang='lat' dir='ltr'>vi·</span> <span class='ocrx_word' id='word_1_226' title='bbox 1481 2793 1482 2816; x_wconf 15' lang='grc' dir='ltr'>χ</span> 
     </span>
    </p>

    <p class='ocr_par' dir='ltr' id='par_1_3' title="bbox 191 2821 1483 3943">
     <span class='ocr_line' id='line_1_25' title="bbox 191 2840 1411 2920; baseline -0.002 -18"><span class='ocrx_word' id='word_1_227' title='bbox 191 2853 193 2860; x_wconf 81' lang='grc'><em>’</em></span> <span class='ocrx_word' id='word_1_228' title='bbox 263 2844 348 2904; x_wconf 90' lang='lat' dir='ltr'>tiosis</span> <span class='ocrx_word' id='word_1_229' title='bbox 382 2843 490 2918; x_wconf 85' lang='lat' dir='ltr'>quibus</span> <span class='ocrx_word' id='word_1_230' title='bbox 516 2841 563 2900; x_wconf 90' lang='lat' dir='ltr'>usi</span> <span class='ocrx_word' id='word_1_231' title='bbox 590 2840 699 2900; x_wconf 84' lang='lat' dir='ltr'>luerint</span> <span class='ocrx_word' id='word_1_232' title='bbox 725 2858 780 2902; x_wconf 89' lang='lat' dir='ltr'>nec</span> <span class='ocrx_word' id='word_1_233' title='bbox 806 2844 927 2920; x_wconf 89' lang='lat' dir='ltr'>integris</span> <span class='ocrx_word' id='word_1_234' title='bbox 956 2845 1172 2920; x_wconf 87' lang='lat' dir='ltr'>exemplaribus</span> <span class='ocrx_word' id='word_1_235' title='bbox 1199 2845 1319 2904; x_wconf 90' lang='lat' dir='ltr'>Graecis</span> <span class='ocrx_word' id='word_1_236' title='bbox 1346 2853 1411 2914; x_wconf 84' lang='lat' dir='ltr'>que·</span> 
     </span>
     <span class='ocr_line' id='line_1_26' title="bbox 263 2939 1411 3024; baseline 0.005 -19"><span class='ocrx_word' id='word_1_237' title='bbox 263 2954 362 3006; x_wconf 91' lang='lat' dir='ltr'>rentes</span> <span class='ocrx_word' id='word_1_238' title='bbox 384 2945 510 3019; x_wconf 89' lang='lat' dir='ltr'>legimus</span> <span class='ocrx_word' id='word_1_239' title='bbox 533 2944 612 3003; x_wconf 92' lang='lat' dir='ltr'>velut</span> <span class='ocrx_word' id='word_1_240' title='bbox 634 2943 801 3004; x_wconf 90' lang='lat' dir='ltr'>Honeinum</span> <span class='ocrx_word' id='word_1_241' title='bbox 823 2963 868 3021; x_wconf 88' lang='lat' dir='ltr'>up.</span> <span class='ocrx_word' id='word_1_242' title='bbox 892 2947 1004 3007; x_wconf 90' lang='lat' dir='ltr'>Nedim.</span> <span class='ocrx_word' id='word_1_243' title='bbox 1028 2949 1105 3009; x_wconf 92' lang='lat' dir='ltr'>Hott.</span> <span class='ocrx_word' id='word_1_244' title='bbox 1123 2943 1275 3024; x_wconf 68' lang='lat' dir='ltr'>testeris.</span> <span class='ocrx_word' id='word_1_245' title='bbox 1289 2946 1320 3020; x_wconf 88' lang='lat'>1,</span> <span class='ocrx_word' id='word_1_246' title='bbox 1333 2939 1411 3011; x_wconf 63' lang='lat' dir='ltr'>toti,</span> 
     </span>
     <span class='ocr_line' id='line_1_27' title="bbox 264 3043 1408 3124; baseline -0.009 -16"><span class='ocrx_word' id='word_1_247' title='bbox 264 3050 342 3108; x_wconf 91' lang='lat' dir='ltr'>idem</span> <span class='ocrx_word' id='word_1_248' title='bbox 366 3047 429 3106; x_wconf 85' lang='lat' dir='ltr'>Cas.</span> <span class='ocrx_word' id='word_1_249' title='bbox 446 3044 476 3119; x_wconf 82' lang='lat'>1,</span> <span class='ocrx_word' id='word_1_250' title='bbox 493 3043 565 3106; x_wconf 78' lang='lat'><strong>250.</strong></span> <span class='ocrx_word' id='word_1_251' title='bbox 581 3043 643 3106; x_wconf 80' lang='lat'>251</span> <span class='ocrx_word' id='word_1_252' title='bbox 658 3063 701 3121; x_wconf 82' lang='lat' dir='ltr'>sq.</span> <span class='ocrx_word' id='word_1_253' title='bbox 726 3049 760 3106; x_wconf 87' lang='lat' dir='ltr'>cl.</span> <span class='ocrx_word' id='word_1_254' title='bbox 784 3049 912 3109; x_wconf 87' lang='lat' dir='ltr'>Hadschi</span> <span class='ocrx_word' id='word_1_255' title='bbox 935 3051 1036 3109; x_wconf 87' lang='lat' dir='ltr'>Kbalia</span> <span class='ocrx_word' id='word_1_256' title='bbox 1052 3049 1082 3123; x_wconf 78' lang='grc'>1,,</span> <span class='ocrx_word' id='word_1_257' title='bbox 1098 3047 1170 3110; x_wconf 78' lang='grc'><strong>382.</strong></span> <span class='ocrx_word' id='word_1_258' title='bbox 1187 3047 1408 3124; x_wconf 76' lang='lat' dir='ltr'>5‚147eto.ete.</span> 
     </span>
     <span class='ocr_line' id='line_1_28' title="bbox 264 3143 1409 3223; baseline -0.003 -13"><span class='ocrx_word' id='word_1_259' title='bbox 264 3152 305 3210; x_wconf 93' lang='lat' dir='ltr'>lta</span> <span class='ocrx_word' id='word_1_260' title='bbox 327 3153 357 3210; x_wconf 91' lang='lat' dir='ltr'>in</span> <span class='ocrx_word' id='word_1_261' title='bbox 381 3148 643 3223; x_wconf 86' lang='lat' dir='ltr'>bletapbysicorunt</span> <span class='ocrx_word' id='word_1_262' title='bbox 676 3150 813 3209; x_wconf 88' lang='lat' dir='ltr'>versione</span> <span class='ocrx_word' id='word_1_263' title='bbox 834 3151 956 3211; x_wconf 79' lang='lat' dir='ltr'>Arabica</span> <span class='ocrx_word' id='word_1_264' title='bbox 981 3152 1055 3212; x_wconf 91' lang='lat' dir='ltr'>liber</span> <span class='ocrx_word' id='word_1_265' title='bbox 1075 3153 1111 3214; x_wconf 88' lang='lat' dir='ltr'><em>K</em></span> <span class='ocrx_word' id='word_1_266' title='bbox 1136 3168 1196 3213; x_wconf 92' lang='lat' dir='ltr'>non</span> <span class='ocrx_word' id='word_1_267' title='bbox 1219 3151 1365 3212; x_wconf 80' lang='lat' dir='ltr'>serebatur</span> <span class='ocrx_word' id='word_1_268' title='bbox 1384 3143 1409 3202; x_wconf 85' lang='lat' dir='ltr'>id</span> 
     </span>
     <span class='ocr_line' id='line_1_29' title="bbox 266 3246 1410 3334; baseline -0.003 -23"><span class='ocrx_word' id='word_1_269' title='bbox 266 3254 346 3327; x_wconf 88' lang='lat' dir='ltr'>quod</span> <span class='ocrx_word' id='word_1_270' title='bbox 368 3251 486 3311; x_wconf 85' lang='lat' dir='ltr'>disertis</span> <span class='ocrx_word' id='word_1_271' title='bbox 508 3251 606 3310; x_wconf 89' lang='lat' dir='ltr'>verbis</span> <span class='ocrx_word' id='word_1_272' title='bbox 635 3251 705 3311; x_wconf 89' lang='lat' dir='ltr'>dicit</span> <span class='ocrx_word' id='word_1_273' title='bbox 725 3251 870 3312; x_wconf 81' lang='lat' dir='ltr'>Averroes</span> <span class='ocrx_word' id='word_1_274' title='bbox 892 3255 958 3314; x_wconf 88' lang='lat' dir='ltr'>Met.</span> <span class='ocrx_word' id='word_1_275' title='bbox 982 3272 1010 3329; x_wconf 92' lang='lat' dir='ltr'>p.</span> <span class='ocrx_word' id='word_1_276' title='bbox 1026 3253 1125 3316; x_wconf 79' lang='lat' dir='ltr'>289m</span> <span class='ocrx_word' id='word_1_277' title='bbox 1159 3254 1226 3334; x_wconf 85' lang='lat' dir='ltr'>(neo</span> <span class='ocrx_word' id='word_1_278' title='bbox 1248 3271 1317 3314; x_wconf 92' lang='lat' dir='ltr'>eum</span> <span class='ocrx_word' id='word_1_279' title='bbox 1339 3246 1410 3311; x_wconf 87' lang='lat' dir='ltr'>norit</span> 
     </span>
     <span class='ocr_line' id='line_1_30' title="bbox 264 3353 1409 3432; baseline 0 -20"><span class='ocrx_word' id='word_1_280' title='bbox 264 3354 401 3414; x_wconf 74' lang='lat' dir='ltr'>albertus</span> <span class='ocrx_word' id='word_1_281' title='bbox 423 3353 546 3428; x_wconf 82' lang='lat' dir='ltr'>Magnus</span> <span class='ocrx_word' id='word_1_282' title='bbox 569 3353 654 3432; x_wconf 82' lang='lat' dir='ltr'>cuius</span> <span class='ocrx_word' id='word_1_283' title='bbox 676 3353 816 3414; x_wconf 83' lang='lat' dir='ltr'>tredecim</span> <span class='ocrx_word' id='word_1_284' title='bbox 839 3355 978 3416; x_wconf 90' lang='lat' dir='ltr'>libromm</span> <span class='ocrx_word' id='word_1_285' title='bbox 996 3359 1128 3418; x_wconf 90' lang='lat' dir='ltr'>decimus</span> <span class='ocrx_word' id='word_1_286' title='bbox 1152 3359 1262 3418; x_wconf 88' lang='lat' dir='ltr'>Graeco</span> <span class='ocrx_word' id='word_1_287' title='bbox 1275 3357 1302 3431; x_wconf 87' lang='grc' dir='ltr'>Ι,</span> <span class='ocrx_word' id='word_1_288' title='bbox 1327 3353 1409 3416; x_wconf 86' lang='lat' dir='ltr'>unde·</span> 
     </span>
     <span class='ocr_line' id='line_1_31' title="bbox 253 3438 1410 3537; baseline -0.01 -16"><span class='ocrx_word' id='word_1_289' title='bbox 253 3457 359 3522; x_wconf 73' lang='lat' dir='ltr'>,cimus</span> <span class='ocrx_word' id='word_1_290' title='bbox 383 3456 492 3516; x_wconf 88' lang='lat' dir='ltr'>Graeco</span> <span class='ocrx_word' id='word_1_291' title='bbox 515 3455 555 3518; x_wconf 87' lang='lat' dir='ltr'><em>A</em></span> <span class='ocrx_word' id='word_1_292' title='bbox 576 3455 764 3537; x_wconf 84' lang='lat' dir='ltr'>respondet),</span> <span class='ocrx_word' id='word_1_293' title='bbox 798 3458 947 3519; x_wconf 83' lang='lat' dir='ltr'>neeidco</span> <span class='ocrx_word' id='word_1_294' title='bbox 974 3438 1071 3520; x_wconf 86' lang='lat' dir='ltr'>selum</span> <span class='ocrx_word' id='word_1_295' title='bbox 1099 3461 1167 3535; x_wconf 86' lang='lat' dir='ltr'>quia</span> <span class='ocrx_word' id='word_1_296' title='bbox 1189 3460 1278 3520; x_wconf 90' lang='lat' dir='ltr'>buius</span> <span class='ocrx_word' id='word_1_297' title='bbox 1298 3457 1364 3519; x_wconf 91' lang='lat' dir='ltr'>libri</span> <span class='ocrx_word' id='word_1_298' title='bbox 1384 3453 1410 3511; x_wconf 89' lang='lat' dir='ltr'>iu</span> 
     </span>
     <span class='ocr_line' id='line_1_32' title="bbox 265 3557 1409 3637; baseline 0.005 -19"><span class='ocrx_word' id='word_1_299' title='bbox 265 3559 417 3634; x_wconf 81' lang='lat' dir='ltr'>Hispania,</span> <span class='ocrx_word' id='word_1_300' title='bbox 452 3557 501 3616; x_wconf 92' lang='lat' dir='ltr'>ubi</span> <span class='ocrx_word' id='word_1_301' title='bbox 524 3558 651 3618; x_wconf 87' lang='lat' dir='ltr'>rariores</span> <span class='ocrx_word' id='word_1_302' title='bbox 679 3567 762 3618; x_wconf 87' lang='lat' dir='ltr'>erant</span> <span class='ocrx_word' id='word_1_303' title='bbox 788 3562 1032 3637; x_wconf 89' lang='lat' dir='ltr'>pbilosophorum</span> <span class='ocrx_word' id='word_1_304' title='bbox 1056 3563 1233 3622; x_wconf 86' lang='lat' dir='ltr'>Graecorum</span> <span class='ocrx_word' id='word_1_305' title='bbox 1255 3562 1409 3624; x_wconf 76' lang='lat' dir='ltr'>versiones,</span> 
     </span>
     <span class='ocr_line' id='line_1_33' title="bbox 267 3659 1410 3742; baseline -0.003 -23"><span class='ocrx_word' id='word_1_306' title='bbox 267 3661 386 3720; x_wconf 89' lang='lat' dir='ltr'>omnino</span> <span class='ocrx_word' id='word_1_307' title='bbox 409 3659 474 3718; x_wconf 90' lang='lat' dir='ltr'>illae</span> <span class='ocrx_word' id='word_1_308' title='bbox 497 3667 530 3719; x_wconf 94' lang='lat' dir='ltr'>ut</span> <span class='ocrx_word' id='word_1_309' title='bbox 551 3677 604 3734; x_wconf 91' lang='lat' dir='ltr'>par</span> <span class='ocrx_word' id='word_1_310' title='bbox 626 3667 672 3720; x_wconf 89' lang='lat' dir='ltr'>est</span> <span class='ocrx_word' id='word_1_311' title='bbox 693 3678 759 3721; x_wconf 91' lang='lat' dir='ltr'>raro</span> <span class='ocrx_word' id='word_1_312' title='bbox 783 3665 946 3739; x_wconf 86' lang='lat' dir='ltr'>descriptae</span> <span class='ocrx_word' id='word_1_313' title='bbox 969 3663 1067 3742; x_wconf 88' lang='lat' dir='ltr'>(pauci</span> <span class='ocrx_word' id='word_1_314' title='bbox 1091 3665 1167 3725; x_wconf 89' lang='lat' dir='ltr'>euim</span> <span class='ocrx_word' id='word_1_315' title='bbox 1192 3672 1274 3724; x_wconf 89' lang='lat' dir='ltr'>erant</span> <span class='ocrx_word' id='word_1_316' title='bbox 1296 3665 1322 3724; x_wconf 94' lang='lat' dir='ltr'>si</span> <span class='ocrx_word' id='word_1_317' title='bbox 1337 3663 1410 3724; x_wconf 91' lang='lat' dir='ltr'>tbeo-</span> 
     </span>
     <span class='ocr_line' id='line_1_34' title="bbox 266 3763 1409 3841; baseline -0.001 -19"><span class='ocrx_word' id='word_1_318' title='bbox 266 3765 351 3837; x_wconf 88' lang='lat' dir='ltr'>logos</span> <span class='ocrx_word' id='word_1_319' title='bbox 374 3777 525 3835; x_wconf 90' lang='lat' dir='ltr'>comparas</span> <span class='ocrx_word' id='word_1_320' title='bbox 547 3763 598 3836; x_wconf 91' lang='lat' dir='ltr'>qui</span> <span class='ocrx_word' id='word_1_321' title='bbox 622 3779 740 3838; x_wconf 90' lang='lat' dir='ltr'>operam</span> <span class='ocrx_word' id='word_1_322' title='bbox 763 3765 798 3824; x_wconf 89' lang='lat' dir='ltr'>iis</span> <span class='ocrx_word' id='word_1_323' title='bbox 822 3767 925 3824; x_wconf 87' lang='lat' dir='ltr'>darent</span> <span class='ocrx_word' id='word_1_324' title='bbox 946 3767 1025 3841; x_wconf 87' lang='lat' dir='ltr'>iique</span> <span class='ocrx_word' id='word_1_325' title='bbox 1047 3783 1107 3827; x_wconf 94' lang='lat' dir='ltr'>non</span> <span class='ocrx_word' id='word_1_326' title='bbox 1131 3767 1195 3827; x_wconf 91' lang='lat' dir='ltr'>sine</span> <span class='ocrx_word' id='word_1_327' title='bbox 1217 3765 1326 3826; x_wconf 87' lang='lat' dir='ltr'>invidia</span> <span class='ocrx_word' id='word_1_328' title='bbox 1348 3776 1409 3838; x_wconf 82' lang='lat' dir='ltr'>qua·</span> 
     </span>
     <span class='ocr_line' id='line_1_35' title="bbox 267 3862 1408 3943; baseline 0.001 -19"><span class='ocrx_word' id='word_1_329' title='bbox 267 3867 334 3924; x_wconf 86' lang='lat' dir='ltr'>dam</span> <span class='ocrx_word' id='word_1_330' title='bbox 367 3863 724 3937; x_wconf 87' lang='lat' dir='ltr'>‚,Non-Mobammedani”</span> <span class='ocrx_word' id='word_1_331' title='bbox 751 3868 811 3927; x_wconf 89' lang='lat' dir='ltr'>iere</span> <span class='ocrx_word' id='word_1_332' title='bbox 837 3869 987 3943; x_wconf 85' lang='lat' dir='ltr'>appellati,</span> <span class='ocrx_word' id='word_1_333' title='bbox 1021 3873 1056 3930; x_wconf 87' lang='lat' dir='ltr'>et.</span> <span class='ocrx_word' id='word_1_334' title='bbox 1081 3869 1208 3929; x_wconf 82' lang='lat' dir='ltr'>liadscbi</span> <span class='ocrx_word' id='word_1_335' title='bbox 1231 3867 1284 3927; x_wconf 88' lang='lat' dir='ltr'>Kb.</span> <span class='ocrx_word' id='word_1_336' title='bbox 1301 3865 1331 3942; x_wconf 88' lang='lat'>3,</span> <span class='ocrx_word' id='word_1_337' title='bbox 1347 3862 1408 3926; x_wconf 84' lang='lat' dir='ltr'>too.</span> 
     </span>
    </p>

    <p class='ocr_par' dir='ltr' id='par_1_4' title="bbox 267 3961 1483 4457">
     <span class='ocr_line' id='line_1_36' title="bbox 267 3961 1410 4048; baseline -0.003 -19"><span class='ocrx_word' id='word_1_338' title='bbox 267 3969 297 4044; x_wconf 83' lang='lat'>1,</span> <span class='ocrx_word' id='word_1_339' title='bbox 314 3965 355 4029; x_wconf 80' lang='lat'>77</span> <span class='ocrx_word' id='word_1_340' title='bbox 379 3974 407 4026; x_wconf 89' lang='lat' dir='ltr'>et</span> <span class='ocrx_word' id='word_1_341' title='bbox 424 3967 641 4028; x_wconf 87' lang='lat' dir='ltr'>Schabrcstanii</span> <span class='ocrx_word' id='word_1_342' title='bbox 659 3985 734 4042; x_wconf 90' lang='lat' dir='ltr'>opus</span> <span class='ocrx_word' id='word_1_343' title='bbox 745 3970 801 4028; x_wconf 91' lang='lat' dir='ltr'>boc</span> <span class='ocrx_word' id='word_1_344' title='bbox 817 3969 987 4032; x_wconf 86' lang='lat' dir='ltr'>discrimine</span> <span class='ocrx_word' id='word_1_345' title='bbox 1002 3973 1106 4032; x_wconf 83' lang='lat' dir='ltr'>tultum</span> <span class='ocrx_word' id='word_1_346' title='bbox 1119 3971 1169 4048; x_wconf 87' lang='lat' dir='ltr'>qui</span> <span class='ocrx_word' id='word_1_347' title='bbox 1192 3961 1410 4046; x_wconf 81' lang='lat' dir='ltr'>„philosophos”</span> 
     </span>
     <span class='ocr_line' id='line_1_37' title="bbox 267 4066 1410 4152; baseline -0.002 -23"><span class='ocrx_word' id='word_1_348' title='bbox 267 4071 378 4131; x_wconf 79' lang='lat' dir='ltr'>trabes</span> <span class='ocrx_word' id='word_1_349' title='bbox 402 4071 519 4130; x_wconf 85' lang='lat' dir='ltr'>Graecis</span> <span class='ocrx_word' id='word_1_350' title='bbox 542 4079 714 4130; x_wconf 88' lang='lat' dir='ltr'>annumerat</span> <span class='ocrx_word' id='word_1_351' title='bbox 729 4071 759 4146; x_wconf 76' lang='lat'>2,</span> <span class='ocrx_word' id='word_1_352' title='bbox 775 4069 826 4134; x_wconf 83' lang='lat'>80.</span> <span class='ocrx_word' id='word_1_353' title='bbox 843 4069 914 4133; x_wconf 77' lang='lat'><strong>213.</strong></span> <span class='ocrx_word' id='word_1_354' title='bbox 939 4075 974 4134; x_wconf 86' lang='lat' dir='ltr'>cl&#39;.</span> <span class='ocrx_word' id='word_1_355' title='bbox 992 4075 1021 4150; x_wconf 89' lang='lat'>1,</span> <span class='ocrx_word' id='word_1_356' title='bbox 1038 4071 1089 4135; x_wconf 85' lang='grc'>34.</span> <span class='ocrx_word' id='word_1_357' title='bbox 1106 4073 1135 4148; x_wconf 81' lang='lat'>2,</span> <span class='ocrx_word' id='word_1_358' title='bbox 1149 4071 1177 4132; x_wconf 89' lang='grc'>1.</span> <span class='ocrx_word' id='word_1_359' title='bbox 1190 4071 1221 4152; x_wconf 83' lang='grc'>3)</span> <span class='ocrx_word' id='word_1_360' title='bbox 1245 4066 1410 4147; x_wconf 82' lang='lat' dir='ltr'>exemplaria</span> 
     </span>
     <span class='ocr_line' id='line_1_38' title="bbox 267 4168 1411 4252; baseline -0.003 -20"><span class='ocrx_word' id='word_1_361' title='bbox 267 4174 388 4234; x_wconf 82' lang='lat' dir='ltr'>Arabica</span> <span class='ocrx_word' id='word_1_362' title='bbox 417 4189 476 4231; x_wconf 92' lang='lat' dir='ltr'>non</span> <span class='ocrx_word' id='word_1_363' title='bbox 505 4173 690 4248; x_wconf 87' lang='lat' dir='ltr'>legebantur,</span> <span class='ocrx_word' id='word_1_364' title='bbox 726 4173 803 4232; x_wconf 91' lang='lat' dir='ltr'>sicut</span> <span class='ocrx_word' id='word_1_365' title='bbox 829 4176 950 4249; x_wconf 86' lang='lat' dir='ltr'>reliquis</span> <span class='ocrx_word' id='word_1_366' title='bbox 972 4186 1041 4252; x_wconf 92' lang='lat' dir='ltr'>post</span> <span class='ocrx_word' id='word_1_367' title='bbox 1061 4177 1172 4252; x_wconf 88' lang='lat' dir='ltr'>primos</span> <span class='ocrx_word' id='word_1_368' title='bbox 1196 4184 1321 4251; x_wconf 85' lang='lat' dir='ltr'>quatuor</span> <span class='ocrx_word' id='word_1_369' title='bbox 1342 4168 1411 4234; x_wconf 82' lang='lat' dir='ltr'>utui-</span> 
     </span>
     <span class='ocr_line' id='line_1_39' title="bbox 269 4271 1483 4358; baseline -0.005 -21"><span class='ocrx_word' id='word_1_370' title='bbox 269 4289 370 4337; x_wconf 88' lang='lat' dir='ltr'>comm</span> <span class='ocrx_word' id='word_1_371' title='bbox 393 4277 474 4335; x_wconf 91' lang='lat' dir='ltr'>libris</span> <span class='ocrx_word' id='word_1_372' title='bbox 498 4275 548 4334; x_wconf 92' lang='lat' dir='ltr'>diu</span> <span class='ocrx_word' id='word_1_373' title='bbox 571 4275 663 4335; x_wconf 85' lang='lat' dir='ltr'>caruit</span> <span class='ocrx_word' id='word_1_374' title='bbox 684 4276 829 4336; x_wconf 80' lang='lat' dir='ltr'>dverroes</span> <span class='ocrx_word' id='word_1_375' title='bbox 851 4276 900 4355; x_wconf 83' lang='lat' dir='ltr'>(ol.</span> <span class='ocrx_word' id='word_1_376' title='bbox 922 4279 986 4338; x_wconf 80' lang='lat' dir='ltr'>en.</span> <span class='ocrx_word' id='word_1_377' title='bbox 1011 4288 1083 4340; x_wconf 81' lang='lat' dir='ltr'>extr.</span> <span class='ocrx_word' id='word_1_378' title='bbox 1109 4279 1169 4339; x_wconf 90' lang='lat' dir='ltr'>Vol.</span> <span class='ocrx_word' id='word_1_379' title='bbox 1185 4276 1249 4357; x_wconf 85' lang='lat' dir='ltr'>lll),</span> <span class='ocrx_word' id='word_1_380' title='bbox 1278 4278 1331 4337; x_wconf 88' lang='lat' dir='ltr'>sed</span> <span class='ocrx_word' id='word_1_381' title='bbox 1353 4271 1410 4349; x_wconf 82' lang='lat' dir='ltr'>quit</span> <span class='ocrx_word' id='word_1_382' title='bbox 1482 4329 1483 4358; x_wconf 24' lang='grc'><strong>1</strong></span> 
     </span>
     <span class='ocr_line' id='line_1_40' title="bbox 267 4371 1483 4457; baseline -0.002 -17"><span class='ocrx_word' id='word_1_383' title='bbox 267 4379 390 4441; x_wconf 77' lang='lat' dir='ltr'>ambite</span> <span class='ocrx_word' id='word_1_384' title='bbox 422 4380 509 4455; x_wconf 81' lang='lat' dir='ltr'>plane</span> <span class='ocrx_word' id='word_1_385' title='bbox 542 4394 602 4440; x_wconf 88' lang='lat' dir='ltr'>non</span> <span class='ocrx_word' id='word_1_386' title='bbox 634 4379 766 4440; x_wconf 77' lang='lat' dir='ltr'>exstabat</span> <span class='ocrx_word' id='word_1_387' title='bbox 787 4387 831 4439; x_wconf 92' lang='lat' dir='ltr'>ut</span> <span class='ocrx_word' id='word_1_388' title='bbox 850 4380 898 4441; x_wconf 88' lang='lat' dir='ltr'>alii</span> <span class='ocrx_word' id='word_1_389' title='bbox 922 4396 1041 4457; x_wconf 89' lang='lat' dir='ltr'>quoque</span> <span class='ocrx_word' id='word_1_390' title='bbox 1062 4376 1228 4444; x_wconf 78' lang='lat' dir='ltr'>Aristotelis</span> <span class='ocrx_word' id='word_1_391' title='bbox 1249 4379 1315 4442; x_wconf 88' lang='lat' dir='ltr'>libri</span> <span class='ocrx_word' id='word_1_392' title='bbox 1338 4393 1376 4440; x_wconf 84' lang='lat' dir='ltr'>sc.</span> <span class='ocrx_word' id='word_1_393' title='bbox 1395 4371 1411 4432; x_wconf 84' lang='lat' dir='ltr'>l·</span> <span class='ocrx_word' id='word_1_394' title='bbox 1482 4379 1483 4412; x_wconf 68' lang='lat'><strong>³</strong></span> 
     </span>
    </p>
   </div>
   <div class='ocr_carea' id='block_1_3' title="bbox 0 0 1540 5156">
    <p class='ocr_par' dir='ltr' id='par_1_5' title="bbox 0 0 1540 5156">
     <span class='ocr_line' id='line_1_41' title="bbox 0 0 1540 5156; baseline 0 0"><span class='ocrx_word' id='word_1_395' title='bbox 0 0 1540 5156; x_wconf 95' lang='lat' dir='ltr'> </span> 
     </span>
    </p>
   </div>
   <div class='ocr_carea' id='block_1_4' title="bbox 1309 4934 1483 5134">
    <p class='ocr_par' dir='ltr' id='par_1_6' title="bbox 1309 4906 1483 5134">
     <span class='ocr_line' id='line_1_42' title="bbox 1309 4934 1483 5134; baseline 0 -8"><span class='ocrx_word' id='word_1_396' title='bbox 1309 4934 1483 5134; x_wconf 29' lang='lat' dir='ltr'>*gl</span> 
     </span>
    </p>
   </div>
  </div>
 </body>
</html>
