3036 5164
799 337 862 426 lto
896 397 897 402 a

254 510 435 586 amplissime
468 513 647 588 propriaque
674 515 739 572 loco
766 513 868 581 tradita
897 511 1006 586 (1456,
1022 509 1072 574 35.
1097 514 1132 572 61.
1157 528 1182 572 6.
1199 510 1228 570 6.
1247 507 1356 570 146611
1375 502 1411 575 6)

254 617 284 676 iu
307 615 432 674 Poetieis
456 616 554 674 omnia
577 616 639 674 iure
662 617 842 676 ornitluntur.
862 645 864 650 ·
882 614 944 682 Qua
965 618 1077 676 ratione
1093 617 1171 690 quod
1189 614 1415 674 commendatur

254 719 348 793 sequi,
372 734 430 776 non
455 720 502 790 (ut
525 720 597 779 16166
621 735 685 778 cum
710 718 773 778 aliis
797 720 917 778 credunt
941 720 1066 792 Spengel
1091 721 1139 780 tlh.
1164 720 1191 776 d.
1208 719 1286 776 Poet.
1303 710 1412 788 peda

255 830 284 880 61
306 822 428 880 Brendis
453 822 481 880 in
505 823 605 880 l'hilal.
630 821 713 882 1849
737 841 764 896 p.
782 820 831 880 11.
855 821 939 882 aliter
960 830 1057 880 taruen
1080 822 1145 896 ipsc
1166 829 1267 894 postea
1280 817 1413 892 Spengel

255 927 328 984 dher
351 925 397 982 die
419 925 557 982 Rhetorik
581 927 634 982 des
658 925 744 982 Arist.
768 925 841 982 Abh.
860 926 886 982 d.
906 925 1041 984 Mllnchu.
1066 927 1146 984 acad.
1172 925 1222 982 Bd.
1237 924 1269 979 Vl
1283 939 1313 994 p.
1327 917 1413 986 496)

255 1029 427 1092 antecedere
451 1027 575 1096 boetica,
599 1026 626 1084 id
651 1043 741 1100 quum
765 1027 858 1102 ipsius
882 1035 910 1086 et
932 1028 961 1084 in
984 1029 1068 1086 Rhet.
1092 1035 1121 1086 et
1143 1028 1170 1085 in
1195 1023 1416 1084 1661611616-

255 1131 321 1187 telis
345 1131 497 1188 citationes
521 1131 567 1188 hic
590 1145 708 1202 qnoque
731 1143 783 1186 eae
807 1145 910 1188 onmes
939 1130 997 1188 sint
1019 1145 1094 1202 quac
1117 1130 1188 1187 nihil
1211 1128 1348 1202 probent,
1372 1155 1415 1164 —-

255 1249 322 1290 narn
356 1234 434 1306 qued
459 1229 624 1292 14541118
657 1234 722 1290 1666
751 1234 864 1290 sanioso
892 1232 997 1290 dicitur
1025 1226 1059 1292 ἐν
1086 1231 1157 1306 τοῖς
1183 1221 1417 1306 ἐκδεδομέοοις

256 1324 370 1416 λόγοις
394 1335 465 1392 satis
489 1336 544 1392 iam
568 1353 635 1394 esse
657 1336 765 1394 dictum
789 1336 825 1392 dc
849 1335 953 1392 ceteris
981 1334 1009 1390 in
1034 1335 1148 1408 poetica
1170 1333 1258 1392 enimi
1282 1346 1417 1392 commo-

257 1437 387 1496 tionibus
410 1444 525 1508 praeter
548 1454 597 1495 eas
622 1454 696 1512 quae
718 1437 902 1496 necessariae
929 1437 988 1494 sint
1014 1444 1043 1494 et
1070 1453 1134 1496 cnm
1159 1437 1224 1510 ipsa
1247 1434 1417 1508 tragoediae

258 1539 316 1596 6116
340 1539 512 1598 6661666166
541 1547 649 1597 metum
677 1540 738 1598 scil.
769 1547 797 1596 et
821 1540 949 1596 dolorem
978 1547 1006 1596 61
1033 1555 1108 1612 quae
1132 1539 1242 1596 similes
1266 1544 1349 1608 sunt,
1380 1535 1416 1592 de

258 1640 305 1700 his
329 1657 365 1698 ex
388 1656 486 1698 rerum
510 1649 690 1700 narratarum
714 1642 812 1700 indole
835 1643 1008 1714 fabulaeque
1031 1642 1152 1700 materia
1175 1639 1254 1698 omni
1276 1637 1416 1712 profectis

260 1744 354 1815 (velut
377 1759 451 1816 quae
475 1753 545 1802 sunt
572 1733 639 1803 κατ’
670 1732 751 1804 αὐτό
781 1763 815 1804 τι
837 1735 954 1816 πάθος
977 1739 1155 1804 14531118.
1179 1743 1216 1800 61.
1233 1737 1341 1800 taath
1358 1737 1415 1808 11.)

259 1861 360 1907 revera
384 1847 412 1902 in
437 1846 692 1920 superioribus
717 1847 751 1916 (i.
770 1863 794 1904 e.
819 1840 853 1906 ἐν
875 1844 945 1918 τοῖς
967 1838 1089 1917 e‘uded.)
1118 1845 1229 1920 passim
1256 1841 1416 1914 exponitur

260 1945 352 2008 eta.
376 1946 472 2006 lma.
497 1946 592 2006 6116
616 1981 657 1988 --
685 1949 792 2006 diserte
825 1956 923 2006 tamen
957 1948 1022 2020 ipse
1056 1947 1125 2006 dicit
1160 1948 1190 2004 in
1222 1944 1304 2002 Polit.
1329 1940 1360 2016 8,
1384 1939 1413 2000 7.

260 2047 369 2116 13416
385 2050 427 2109 40
450 2040 600 2130 (ὕστερον
623 2043 783 2132 ἐροῦμεν).
828 2050 899 2109 Ν6111
923 2050 1000 2108 sicut
1021 2049 1051 2106 in
1074 2049 1218 2108 rhetorica
1244 2054 1276 2107 ut
1296 2045 1325 2102 in
1350 2045 1415 2118 ipse

261 2159 376 2212 oratore
401 2151 550 2208 dialectica
574 2168 639 2210 cum
663 2153 781 2224 politica
804 2150 935 2208 doctrina
958 2151 1175 2224 quodammodo
1192 2149 1347 2218 coniuncta
1363 2145 1416 2202 init

262 2261 291 2312 61
313 2270 330 2310 6
351 2253 517 2311 Rhetoricis
540 2255 576 2312 ad
599 2269 714 2310 morum
739 2253 867 2310 studium
896 2259 996 2326 utpote
1019 2269 1103 2312 veras
1132 2252 1246 2310 dicendi
1270 2249 1415 2308 6166616-

171 2351 196 2397 -’
262 2355 360 2424 mandi
383 2369 502 2412 normes
524 2356 644 2412 tradens
666 2362 732 2427 apte
755 2355 931 2428 proceditur,
955 2355 994 2414 ita
1009 2355 1144 2428 politicae
1167 2355 1315 2412 doetrinae
1331 2351 1413 2426 quasi

167 2482 168 2486 ¹
262 2459 405 2532 quaedam
432 2471 500 2529 pars
528 2465 573 2514 est
599 2457 727 2530 poetica:
752 2465 860 2514 -est
886 2458 964 2516 enim
986 2457 1133 2518 Aristoteli
1161 2464 1193 2514 ut
1215 2455 1332 2516 Graecis
1355 2455 1414 2512 1616

263 2560 401 2618 omuibus
435 2558 550 2632 ipsique
581 2559 692 2618 Platoni
726 2560 784 2618 nisi
818 2561 896 2634 quod
931 2561 978 2618 bic
1011 2559 1184 2616 arctioribus
1212 2557 1320 2616 tinibus
1346 2555 1414 2614 artis

262 2661 352 2734 huius
376 2678 462 2720 usum
494 2660 523 2718 in
547 2661 675 2734 Legibus
703 2663 930 2734 circumscribit,
959 2663 1089 2720 musicae
1116 2661 1212 2720 omnis
1236 2667 1265 2718 et
1287 2657 1413 2733 poeticae

262 2765 306 2824 vis
330 2773 416 2838 atque
439 2763 506 2820 finis
530 2771 562 2821 ut
583 2767 816 2840 psychagogicus
840 2765 959 2824 affectus
983 2765 1135 2839 purgando
1159 2761 1289 2824 sedentis
1312 2775 1414 2818 sanan-

262 2869 360 2941 tisque
384 2867 481 2938 (Polit.
499 2862 592 2936 1341),
610 2865 751 2939 12-25)
786 2875 813 2926 et
846 2868 1008 2926 secundum
1043 2867 1208 2926 Ethieorum
1244 2863 1412 2924 sententiam

219 3041 223 3048 ι
263 2971 351 3027 modo
375 2983 410 3025 eo
438 2968 467 3024 in
492 2982 550 3040 quo
574 2968 703 3026 cernitur
728 2968 820 3028 virtus
849 2969 1013 3028 cohibentis
1040 2975 1127 3041 atque
1155 2967 1328 3044 corrigentis
1354 2965 1414 3038 ipse

263 3071 371 3139 mentis
398 3085 453 3142 ope
482 3086 555 3141 quae
582 3069 660 3127 ridet
687 3069 880 3144 intelligitque
908 3071 967 3130 veri
996 3071 1122 3144 iustique
1146 3071 1266 3130 affectus
1287 3059 1413 3148 μίμημα

265 3181 294 3230 61
315 3188 385 3230 1616
408 3171 473 3244 ipsa
496 3171 600 3228 affectu
623 3171 760 3244 allicitur,
792 3189 866 3245 quac
894 3173 1044 3230 infortunii
1068 3174 1230 3247 culpaeque
1253 3173 1330 3232 reris
1350 3186 1414 3244 par-

264 3274 342 3332 tibus
366 3272 521 3330 intellectis
545 3273 665 3330 liberam
689 3289 721 3330 se
744 3273 832 3332 sentit
847 3281 874 3331 et
892 3275 1024 3334 fortunae
1041 3275 1153 3334 vicibus
1171 3275 1280 3350 satique
1293 3272 1413 3334 ludibrio

265 3375 320 3448 etsi
353 3390 411 3432 non
441 3389 539 3432 errore
573 3391 668 3447 eoque
702 3377 780 3452 quod
809 3377 838 3433 in
865 3377 930 3450 ipso
958 3393 1056 3436 errore
1084 3378 1263 3452 affectusque
1291 3377 1416 3436 nascitur

264 3475 385 3532 libidine
409 3476 466 3534 1616
491 3484 644 3548 exemtam,
680 3478 718 3536 ita
741 3485 769 3535 et
791 3479 927 3552 politicus
951 3478 1048 3552 (Pulit.
1064 3477 1095 3551 8,
1113 3477 1177 3538 5.r
1200 3513 1242 3524 -
1265 3489 1293 3538 et
1315 3479 1415 3538 eodem

264 3577 325 3639 sere
348 3579 436 3638 modo
460 3579 551 3638 ethica
576 3567 774 3656 εὐδαιμονία
797 3581 934 3639 definitur
956 3588 984 3638 et
995 3582 1124 3654 poetica)
1148 3589 1176 3639 et
1198 3581 1415 3656 philosophicus

265 3682 359 3754 (Poet.
377 3681 405 3739 9.
424 3679 472 3754 6);
497 3689 674 3754 quapropter
696 3699 762 3740 eum
785 3684 927 3742 rhetorica
952 3699 967 3740 6
991 3683 1156 3742 Stoicorum
1179 3687 1313 3767 eremplo
1325 3685 1368 3756 (ll.
1379 3682 1411 3739 L.

265 3779 295 3856 7,
311 3780 368 3853 41)
392 3798 407 3838 6
431 3783 579 3840 veteribus
602 3783 714 3856 poetica
738 3777 937 3858 etiam(a''vdo
960 3780 1119 3868 περὶτοῦ
1140 3777 1250 3870 πάντῃ
1273 3780 1413 3872 ψευδοῦς

265 3877 457 3964 διαλέγεται
480 3878 704 3964 συλλογισμοῦ
726 3887 792 3944 Seb.
816 3887 863 3944 dr.
881 3883 991 3946 93116.
1015 3889 1141 3948 Alfarabi
1164 3905 1209 3964 ap.
1231 3889 1411 3948 Schmdlders

265 3989 385 4047 Docum.
404 4004 432 4060 p.
449 3986 504 4058 21)
528 3988 556 4045 in
580 3990 682 4064 logicis
706 3997 735 4047 et
757 3988 912 4048 universae
934 3990 1138 4065 philosophiae
1152 4007 1262 4066 organo
1275 3993 1412 4050 serebatur

264 4098 395 4164 recepta,
427 4106 485 4163 quo
508 4097 605 4148 tamen
629 4107 686 4148 nun
710 4092 804 4163 nragis
830 4093 955 4168 pertinet
982 4110 1069 4168 quam
1099 4111 1190 4168 quum
1212 4094 1301 4152 etiem
1322 4099 1411 4154 metus

265 4191 361 4251 omnis
388 4200 416 4249 et
444 4192 540 4250 omnis
574 4193 648 4252 actio
678 4195 716 4252 sit
747 4195 936 4269 syllogismus
969 4195 1043 4254 liber
1074 4197 1110 4253 de
1142 4202 1223 4254 motu
1251 4195 1409 4254 animalium

265 4295 365 4369 (cuius
389 4295 424 4352 61.
449 4311 474 4352 6.
491 4291 535 4368 7).
585 4295 750 4356 Admodum
781 4297 869 4372 igitur
900 4305 966 4372 apte
994 4297 1129 4372 sequitur
1154 4297 1202 4356 illa
1231 4297 1409 4356 Politicerum

264 4397 372 4476 librum
395 4395 539 4474 ultimum,
563 4397 593 4456 in
616 4415 674 4474 quo
699 4415 792 4480 quum,
806 4402 878 4475 haec
895 4415 949 4476 per
964 4397 1108 4490 musicam
1127 4389 1269 4474 παιδεία
1284 4405 1412 4468 tractetur
