3024 5162
788 351 851 416 188

249 526 365 603 propria
398 527 538 602 expositis
573 527 740 586 universam
772 527 836 600 ipse
871 527 906 584 de
934 517 1122 598 generatione
1156 527 1183 578 et
1215 509 1405 588 corruptione

146 681 147 684 .
250 631 409 690 doctrinam
432 647 519 705 quarn
541 631 661 705 respicit
676 629 706 701 4,
723 625 738 687 1
758 627 797 686 11.
822 628 858 686 11.
881 627 917 684 11
941 642 1006 700 gen.
1031 632 1060 684 et
1071 642 1145 684 corr.
1158 623 1188 696 2,
1201 621 1235 693 2,
1250 614 1406 694 perficiens
1485 671 1486 674 ,

250 735 301 806 (cl.
325 735 467 793 Averroes
491 733 601 792 Comm.
630 734 658 791 in
682 735 694 790 l
715 733 781 790 llet.
805 731 844 788 in.
869 729 942 803 Opp.
965 729 997 799 V,
1013 723 1111 797 4031),
1140 727 1189 800 qni
1220 720 1325 798 quani
1348 715 1407 776 libri

251 852 395 894 summanr
422 843 533 894 tantum
557 836 636 894 dedit
658 851 686 908 p.
704 829 878 905 460-67)
914 831 990 889 sicut
1022 838 1100 889 recte
1134 829 1206 888 dixit
1243 821 1410 883 Alexander

251 937 490 1012 Aphrodisiensis
525 937 594 1009 (Qu.
619 944 676 994 nat.
701 942 730 994 et
751 932 937 1008 mor.3,14.
962 932 1000 991 11.
1025 947 1069 1006 ap.
1095 931 1266 1008 Olympiod.
1292 927 1326 985 in
1349 923 1408 982 liet.

252 1036 498 1113 11311169
525 1040 594 1098 1111.
624 1044 653 1096 et
681 1036 750 1095 ibid.
773 1035 1048 1097 Pseudoalexander
1075 1031 1093 1091 1.
1118 1049 1142 1106 1.
1176 1042 1208 1092 nt
1245 1031 1342 1090 credo
1364 1024 1411 1083 hli-

253 1145 334 1201 chael
356 1144 501 1217 Ephesius
525 1140 554 1213 1,
571 1137 641 1200 133.
665 1137 783 1212 2,167,
813 1137 863 1213 qui
890 1136 1131 1196 commentarium
1164 1135 1225 1195 reri
1251 1125 1410 1192 Alexandri

253 1245 283 1304 in
307 1245 392 1304 cuius
418 1260 524 1304 nornen
549 1243 619 1302 abiit
646 1243 705 1302 lere
734 1249 765 1300 ut
787 1241 932 1316 Ephesius
960 1247 1061 1297 auctor
1087 1253 1193 1296 comm.
1222 1229 1263 1296 ad
1288 1231 1409 1305 Metaph.

256 1344 403 1417 15-13,
427 1346 581 1419 exscripsit
603 1360 720 1402 omnem
744 1341 1024 1416 etcompilavitipsc
1040 1340 1183 1400 recentior
1197 1337 1410 1414 Olympiodoro

257 1453 286 1506 et
307 1451 469 1523 Philopono
493 1463 547 1505 nee
563 1428 662 1520 ¹magis
690 1447 726 1504 ad
752 1445 949 1504 Alexandrum
973 1443 1119 1518 Aegaeum
1143 1442 1177 1500 ct.
1199 1441 1301 1500 ldeler
1325 1435 1410 1513 praet.

257 1565 285 1622 p.
302 1545 343 1607 17
361 1545 405 1622 sq.
436 1565 523 1626 quem
552 1547 685 1622 seqnitur
711 1549 852 1621 Spengel,
887 1547 1038 1621 pertinens
1071 1543 1156 1604 cuius
1189 1544 1272 1602 nulla
1309 1539 1411 1613 scripta

257 1650 419 1708 inclaruere
442 1665 528 1722 quam
551 1653 587 1709 ad
609 1651 806 1708 Alexandrum
829 1649 1042 1708 Damascenum
1065 1646 1165 1706 Galeni
1189 1662 1256 1705 cnm
1281 1644 1410 1704 Eudemo

177 1787 181 1796 ·
258 1749 446 1826 peripatetico
469 1751 619 1826 aequalem
643 1754 678 1812 ct.
703 1753 763 1811 Gal.
781 1749 898 1824 2,218.
916 1750 967 1824 14,
985 1746 1062 1823 627)
1090 1750 1166 1808 male
1193 1749 1242 1808 ille
1272 1766 1291 1807 a
1316 1741 1409 1804 multis

258 1854 424 1912 intellectus
458 1851 978 1928 (11111111)111111111,355-57.
1013 1869 1114 1911 ansam
1149 1851 1256 1910 erroris
1288 1851 1327 1909 de
1356 1861 1408 1920 quo

259 1963 338 2014 recte
360 1957 487 2030 Spengel
514 1973 542 2030 p.
560 1953 632 2028 151,
660 1955 741 2015 dedit
767 1953 1083 2032 0111111111169)
1109 1987 1150 1996 -
1184 1955 1301 2013 titulum
1336 1949 1407 2010 enirn

259 2058 446 2132 reprehendit
474 2073 533 2117 non
567 2059 665 2117 locum
692 2059 758 2117 libri
784 2075 839 2117 nee
861 2059 919 2118 nisi
941 2075 957 2116 a
978 2058 1099 2116 nomine
1121 2055 1407 2130 Meteorologicorum

260 2166 293 2217 nt
315 2167 449 2233 quartum
471 2159 511 2216 ita
532 2160 609 2217 tertii
632 2167 718 2232 caput
740 2160 874 2218 ultimum
896 2161 926 2219 in
948 2161 1075 2219 Arabum
1094 2159 1179 2218 etiam
1195 2155 1406 2232 exemplaribus

262 2261 406 2318 omissum
435 2267 597 2333 qnanoqne
624 2260 754 2318 additum
781 2259 811 2317 in
844 2277 920 2320 vers.
950 2261 1103 2335 graeculae.
1125 2262 1226 2333 11111.
1243 2257 1306 2320 168
1329 2271 1405 2330 sepa-

261 2362 334 2420 rarit
357 2394 406 2435 —,
429 2362 605 2436 tertiumque
627 2363 735 2421 librum
758 2361 897 2422 continuo
920 2370 1040 2423 secutus
1063 2363 1109 2436 (id
1121 2364 1201 2437 qnod
1212 2363 1287 2421 falso
1299 2355 1406 2434 negarit

261 2463 358 2523 Prantl
381 2461 504 2538 1153)
527 2464 661 2539 ipsisque
684 2463 849 2523 Aristotelis
873 2464 1059 2525 citationibus
1082 2465 1118 2523 ab
1142 2465 1221 2523 omni
1245 2462 1402 2538 suspicione
1483 2443 1484 2476 ³

262 2571 343 2622 tutus
376 2565 426 2636 (ct.
451 2583 479 2640 p.
504 2582 529 2623 1.
552 2565 624 2639 649,
644 2563 695 2626 33.
725 2583 752 2640 g.
776 2582 802 2624 a.
823 2562 896 2638 743,
918 2565 946 2626 6.
968 2564 1054 2627 usto
1073 2565 1103 2628 8.
1137 2567 1302 2641 Philochor.
1333 2559 1401 2637 apud
1483 2625 1484 2631 ,

263 2665 367 2724 Athen.
384 2663 434 2739 14,
452 2665 513 2727 656
529 2689 564 2717 =
579 2669 644 2727 Met.
662 2669 691 2741 4,
708 2665 743 2741 3)
766 2667 919 2728 transitum
943 2676 1024 2742 parat
1045 2671 1082 2728 ad
1105 2669 1273 2728 animalium
1294 2675 1400 2727 naturas

263 2775 292 2827 et
313 2769 516 2842 generationes
538 2773 712 2843 tractandas,
735 2771 775 2830 ita
798 2769 917 2843 quidem
940 2778 971 2828 ut
992 2772 1119 2844 primum
1141 2779 1207 2846 agat
1222 2773 1259 2830 de
1271 2769 1401 2829 nobiliore

262 2869 430 2930 animalium
464 2880 545 2946 parte
578 2873 675 2932 anima
707 2889 747 2931 sc.
775 2887 830 2947 per
856 2887 888 2930 se
917 2880 1046 2945 spectata
1080 2874 1114 2947 (i.
1144 2889 1169 2932 e.
1201 2861 1401 2958 1111111αῆ1

263 2970 417 3056 φυσικῆςι
440 2991 508 3032 narn
531 2976 567 3033 de
590 2982 687 3034 mente
709 2976 836 3034 humana
858 2975 1019 3048 eademque
1043 2976 1140 3034 divina
1162 2977 1258 3049 deque
1280 2975 1315 3034 iis
1336 2985 1400 3047 quac

262 3086 360 3136 mente
382 3075 559 3150 percipimus
582 3077 671 3134 rebus
694 3076 926 3150 intelligibilibus
954 3085 983 3136 et
1005 3078 1132 3137 aeternis
1162 3078 1224 3137 sive
1251 3067 1401 3160 περὶτῶν

263 3175 389 3250 νοητῶν
411 3175 504 3236 111111
521 3179 735 3252 metaphysicae
748 3186 793 3237 est
805 3177 963 3252 disputare,
988 3178 1023 3236 cl.
1037 3181 1073 3237 de
1085 3188 1157 3253 part.
1171 3197 1217 3239 an.
1231 3179 1260 3240 1.
1274 3178 1340 3251 641,
1352 3175 1400 3248 36)

263 3287 292 3340 et
315 3282 351 3339 de
374 3278 580 3338 communibus
609 3280 722 3339 animae
750 3287 778 3338 et
805 3281 936 3356 corporis
966 3281 1199 3355 operationibus
1228 3297 1346 3343 orsurus
1365 3279 1401 3336 al-

263 3390 355 3444 teram
378 3382 517 3454 deinceps
543 3381 692 3441 zoicorum
719 3390 831 3456 partem
857 3383 1087 3459 physiologicam
1110 3386 1146 3443 de
1169 3386 1266 3444 causis
1288 3382 1400 3460 partium

262 3485 430 3548 animalium
454 3491 483 3544 et
503 3485 708 3558 generationis.
754 3486 839 3544 Zoica
861 3501 928 3559 pars
944 3502 959 3543 a
976 3485 1165 3560 physicorum
1179 3488 1319 3546 librorum
1332 3498 1399 3544 nexu

264 3596 395 3663 separata
428 3594 474 3646 est
506 3587 673 3645 animalium
708 3587 829 3646 historia
862 3594 957 3645 cetera
990 3588 1087 3646 omnia
1115 3590 1321 3663 praecedente,
1352 3599 1401 3658 qua

262 3692 399 3752 universa
432 3689 516 3763 quasi
542 3688 668 3748 'materia
701 3689 871 3762 disciplinae
904 3687 1072 3747 animalium
1099 3698 1232 3750 accurate
1259 3689 1398 3762 descripta,

263 3791 451 3852 interioribus
479 3790 564 3850 etiam
592 3792 723 3865 partibus
747 3791 878 3865 sectione
900 3789 1037 3864 reclusis,
1065 3793 1158 3852 oculis
1180 3793 1349 3868 proponitur
1368 3788 1399 3846 ita

264 3895 383 3970 quidem
406 3901 437 3952 ut
459 3894 640 3968 singularum
663 3893 787 3967 partium
811 3892 885 3951 situs
908 3899 936 3951 et
957 3893 1051 3968 figura
1070 3894 1100 3952 in
1124 3895 1248 3970 singulis
1270 3889 1399 3955 1111111-

264 3999 390 4057 malibus
413 3997 464 4070 (cf.
482 3994 610 4070 51.1,11.
646 3998 682 4055 11
704 3995 849 4068 piscibus)
882 3995 989 4054 tabulis
1023 3997 1193 4056 anatomicis
1226 3994 1399 4067 historiarum
1483 4031 1484 4074 3

264 4101 346 4175 operi
378 4099 484 4158 additis
512 4101 600 4173 (haec
623 4097 701 4156 enim
724 4107 793 4157 sunt
815 4098 882 4157 illae
908 4091 1095 4181 draypntpci
1122 4091 1158 4160 ci
1183 4093 1217 4162 ἐν
1239 4097 1312 4173 ταῖς
1332 4085 1400 4158 dre·
1482 4098 1484 4167 ᾖ

263 4199 380 4280 τομαῖς
407 4203 426 4260 1.
451 4218 476 4261 1.
500 4203 529 4260 11
552 4201 716 4260 tabularum
750 4201 1185 4276 anatomicarum'collectione,
1214 4203 1331 4277 saepius
1353 4211 1403 4256 me·
1483 4228 1484 4270 p

264 4313 393 4365 moratae
416 4307 451 4364 cl.
469 4299 541 4376 197,
559 4299 608 4362 32.
627 4298 698 4374 525,
714 4299 744 4362 8.
762 4299 833 4373 566,
851 4301 901 4360 14.
914 4300 986 4376 746,
1000 4302 1049 4363 14.
1073 4304 1170 4363 Prantl
1182 4323 1209 4379 p.
1223 4303 1273 4365 27.
1298 4299 1402 4362 sicutin
1483 4283 1484 4286 ¹

263 4408 327 4467 aliis
351 4423 469 4481 111111
491 4405 572 4465 libris
595 4405 740 4464 interdum
764 4405 874 4478 figurae
897 4406 1133 4481 textuiapposita
1148 4413 1230 4465 erant
1247 4406 1401 4465 silletum.
1485 4409 1486 4412 ’
