3072 5164
696 356 735 418 35

138 531 325 590 recedentem
348 526 510 602 952esqq.
556 529 664 586 lladern
687 527 755 586 lieet
777 528 893 586 hrevlor
916 534 944 586 et
966 513 1113 601 antiquior
1135 531 1293 588 decadem

138 639 171 690 rc
193 627 285 691 (loelli
307 631 417 690 Lucani
440 629 486 705 (1,
503 630 532 689 2.
556 631 591 688 cl.
614 630 727 703 Philup.
752 645 776 687 e.
800 627 893 688 Precl.
909 625 977 700 &2
999 631 1041 687 in.
1064 628 1094 702 9,
1106 628 1142 704 8)
1166 636 1195 689 ct
1217 640 1294 690 eete-

138 734 240 792 rtrum
263 731 627 808 Pseudopythagnreorum
650 731 701 805 (el.
727 730 879 789 censorin.
905 731 941 789 de
961 730 1008 788 die
1024 739 1082 789 nat.
1098 731 1135 806 4)
1157 739 1203 791 est
1222 733 1295 790 ratio

139 833 300 908 dialectiea,
323 835 403 894 velut
425 833 605 893 Aristaeoni's
627 849 673 906 ap.
697 831 778 890 Stnlt.
802 833 855 890 ecl.
879 833 963 907 phys
979 829 1109 893 430etc.
1133 835 1169 892 ci.
1192 833 1295 892 Philnl.

139 941 186 1010 ap.
210 935 292 994 Stoh.
308 933 372 996 418
384 951 428 1010 sq.
453 935 540 1008 (Tim.
564 935 648 992 anr.
665 931 746 1006 95h)
766 955 802 982 =
821 933 919 991 Critnl.
944 941 973 992 et
994 935 1096 992 Boeth.
1120 951 1166 1010 ap.
1182 935 1295 1010 Philon

140 1041 170 1112 p.
187 1035 250 1097 946
273 1023 301 1095 d.
315 1053 350 1124 e.
374 1034 472 1097 Pd'id.
495 1034 657 1108 ecce-<n
682 1035 710 1092 in
734 1049 792 1108 qno
815 1035 936 1093 Philolai
959 1035 1024 1094 loen
1039 1035 1297 1112 (Boeekhpmlio)

140 1141 197 1211 pho
219 1137 347 1210 absurde
370 1139 420 1198 illo
451 1131 488 1214 ἕξ
508 1127 660 1221 ἀρχιόἰου
688 1138 895 1210 corrigendum
923 1143 968 1196 est
996 1129 1033 1210 ἐξ
1053 1127 1153 1221 ἀρχῆς
1173 1123 1296 1213 di'dt'ou,

141 1238 263 1297 nodone
285 1239 432 1299 Platonica
455 1257 530 1315 quae
559 1243 662 1300 eadem
684 1243 730 1298 est
752 1239 830 1313 apud
853 1238 1015 1296 Aristaeoh.
1028 1239 1110 1298 Stnb.
1126 1235 1198 1300 428.
1223 1242 1294 1301 Tim.

141 1339 227 1397 Locr.
251 1353 296 1413 ap.
321 1341 410 1400 Clem.
434 1341 477 1400 Al.
493 1340 526 1414 V,
550 1359 578 1417 p.
596 1341 659 1402 cel
682 1340 769 1414 (Tim.
792 1341 876 1398 Leon.
905 1340 944 1397 in.
972 1349 1027 1414 pro
1054 1327 1156 1421 ἀρχάν
1177 1359 1214 1402 τε
1234 1339 1300 1402 cca

142 1430 288 1523 ἀρίστων
311 1441 420 1517 legitur
447 1431 548 1525 ἀρχάν
574 1462 610 1504 τε
630 1441 696 1502 τῶν
719 1431 826 1523 ἀρχῶν
854 1441 882 1498 in
911 1441 1011 1500 codice
1040 1457 1127 1516 quern
1155 1444 1297 1517 seqnitur,

142 1543 169 1602 si
192 1551 271 1602 recte
293 1543 378 1618 legit,
412 1545 516 1604 duetus
543 1545 705 1604 monachus
732 1557 869 1616 congreg.
894 1541 937 1601 stt
960 1543 1051 1601 Mauri
1079 1545 1129 1619 qui
1150 1545 1296 1604 lustinum

142 1651 317 1718 ceterosque
339 1645 450 1718 primos
474 1649 642 1721 apologelas
666 1644 757 1704 edidit
779 1643 876 1716 flagae
900 1644 981 1703 Corn.
1007 1641 1090 1705 trac
1113 1648 1203 1721 prael.
1220 1665 1248 1721 p.
1260 1647 1296 1706 ll.

143 1745 181 1804 ci.
206 1745 321 1820 Archyl.
350 1745 420 1805 frti
443 1747 522 1807 liant.
551 1749 600 1823 qui
627 1745 791 1806 Aristotelis
819 1745 1015 1820 lletapnpsiea
1043 1756 1072 1807 et
1098 1746 1226 1807 Platonis
1253 1747 1301 1807 n-
1337 1751 1339 1756 '

138 1845 262 1906 mileum
283 1847 405 1921 iungere
428 1849 551 1908 studens
574 1849 679 1908 endem
701 1846 788 1904 moon
811 1851 844 1903 ut
866 1854 911 1920 ap.
934 1835 964 1904 Τ.
987 1849 1019 1905 L.
1044 1848 1114 1907 sunt
1141 1840 1216 1912 ἰδέα
1239 1850 1301 1910 sive

142 1937 261 2032 μύῥφᾶ
282 1938 347 2009 lita
368 1939 454 2022 θεός
477 1965 566 2024 supra
589 1951 714 2024 dyadem
736 1947 846 2005 immae
869 1954 897 2005 et
919 1948 1058 2008 materiae
1079 1951 1163 2023 penit
1177 1950 1302 2026 primam

144 2051 261 2109 numeri
282 2050 512 2125 harmoniaeque
535 2065 654 2109 cansam
676 2048 778 2120 Deum,
802 2049 880 2108 idem
902 2049 1050 2108 Philolaus
1074 2052 1124 2125 qdi
1140 2068 1157 2111 e
1172 2051 1301 2111 Platonis

144 2151 272 2210 maxime
294 2151 410 2212 Timaeo
432 2153 564 2212 Phaedro
591 2142 712 2210 Philebo
736 2150 851 2225 Cratylo
878 2151 969 2210 multa
990 2151 1120 2212 imitatus
1143 2159 1196 2226 est,
1226 2153 1261 2210 el.
1285 2157 1302 2211 e

146 2253 263 2329 cratyln
279 2253 352 2312 Phil.
377 2271 422 2328 ap.
436 2253 550 2329 Syrien.
564 2247 800 2324 inueterata
814 2251 1080 2327 aureatenses
1092 2255 1304 2329 quodpropter

145 2363 353 2430 argumentum
376 2355 559 2414 dialecticum
582 2355 640 2413 hnc
662 2354 789 2428 pertinet
811 2357 987 2428 exemplum,
1022 2362 1051 2415 et
1073 2369 1176 2414 omnes
1199 2355 1303 2430 Pytha-

146 2457 239 2532 gerici
262 2457 297 2516 ei.
322 2455 435 2532 Syrian.
458 2457 490 2514 in
512 2455 636 2530 Metaph.
660 2471 706 2530 ap.
730 2445 836 2514 Brand.
861 2455 927 2514 Sch.
952 2457 981 2514 in
998 2457 1063 2516 Met.
1080 2475 1109 2532 p.
1122 2454 1195 2529 325,
1209 2453 1301 2531 osqq.

146 2557 279 2616 Damasc.
304 2541 611 2632 reperiendae).
661 2551 741 2626 Quae
770 2552 888 2630 quidem
916 2555 1067 2618 dialectica
1099 2551 1137 2634 ἐξ
1161 2548 1305 2631 ἐνδόξων

144 2659 290 2734 prolecta,
315 2659 351 2718 ah
373 2657 509 2718 Eleaticis
533 2659 649 2718 condita
674 2659 726 2732 (cl.
749 2657 858 2716 llleliss.
884 2672 930 2732 ap.
955 2659 1056 2734 Simpl.
1081 2661 1167 2736 Phys.
1192 2658 1303 2718 icch.

147 2759 230 2834 34h)
263 2766 293 2818 et
318 2773 413 2834 nsque
445 2763 481 2820 ad
504 2760 729 2836 Neeplatnniccs
763 2773 881 2833 quoqne
910 2765 1033 2818 manens
1067 2761 1117 2832 (cf.
1142 2760 1305 2819 decadem

146 2851 319 2923 aeternitate
342 2861 626 2935 mundiPlnlin.2‚l
649 2877 678 2935 p.
695 2858 757 2919 tce
781 2866 810 2917 et
821 2859 915 2918 Procli
938 2855 1165 2935 disputationem
1189 2858 1302 2917 inlim.

147 2962 337 3026 Str-cua
359 2965 546 3039 eundemque
560 2963 697 3023 Proclnm
720 2961 797 3036 apud
808 2961 922 3035 Philop.
946 2961 1307 3022 eontraPrccl.Vacher0t

149 3067 218 3126 hist.
233 3068 270 3125 de
281 3063 382 3123 l'ecole
395 3063 502 3124 d’Al'ex.
519 3069 549 3124 T.
566 3068 598 3125 ll.
622 3082 650 3140 p.
664 3059 838 3135 350-53.)
861 3063 918 3122 lroc
940 3065 1066 3123 maxime
1083 3071 1213 3138 tempore
1228 3064 1307 3137 apud

150 3173 256 3230 omnes
280 3173 375 3225 sectas
399 3168 544 3241 scepticae
567 3183 655 3243 qnam
677 3165 787 3224 adiuvit
809 3165 914 3224 rationi
937 3165 1059 3241 cognata
1081 3161 1198 3240 vigebat
1219 3163 1307 3224 simul

150 3285 220 3332 curn
247 3268 426 3328 divisionum
454 3269 504 3327 illo
531 3277 560 3328 et
586 3267 788 3328 definitionum
815 3281 874 3339 qun
903 3266 993 3325 Stoici
1022 3265 1149 3324 maxime
1176 3265 1308 3340 insignes

151 3379 223 3431 sunt
255 3371 367 3444 ingenti
400 3378 540 3444 apparatu
574 3371 603 3428 in
637 3385 724 3430 verae
757 3367 960 3442 philosophiae
997 3368 1095 3425 locum
1133 3369 1307 3426 succedens.

152 3469 395 3532 Academicorum
417 3471 448 3528 ih
471 3471 579 3545 quihus
602 3471 769 3541 dialecticae
791 3467 870 3527 illius
886 3468 943 3526 iam
958 3465 1138 3526 Xenocrates
1153 3469 1204 3541 (cl.
1222 3463 1317 3544 crat-p

152 3567 264 3656 ρὲσεις
284 3577 314 3632 et
335 3566 453 3644 θέσεις
474 3570 538 3630 eius
561 3575 638 3647 apud
661 3571 693 3630 D.
708 3573 741 3630 L.
758 3571 788 3642 t,
806 3567 862 3642 13)
891 3553 1058 3641 exemplum
1081 3575 1140 3641 est,
1167 3569 1200 3626 ut
1223 3569 1309 3626 docet

153 3675 313 3750 disputatio
341 3675 406 3734 eius
428 3667 506 3748 apud
529 3661 612 3732 Sext.
631 3675 713 3747 ltmp.
736 3689 764 3745 p.
782 3668 854 3743 546,
882 3669 1005 3728 Crantor
1030 3670 1151 3730 ultimus
1178 3671 1233 3729 fnit
1259 3671 1310 3745 qul

154 3783 334 3852 quamquam
357 3789 374 3834 a
394 3773 502 3834 ceteris
525 3775 581 3834 iam
598 3774 764 3834 academiae
780 3771 1000 3846 disciplinarum
1016 3773 1207 3846 amplitudine
1222 3774 1310 3846 longe

154 3880 286 3950 alienus
304 3876 413 3936 Timaei
435 3883 533 3936 tamen
549 3865 661 3935 'studiis
684 3873 823 3934 altiorem
840 3873 998 3932 etiamnum
1021 3873 1151 3932 animum
1164 3873 1308 3949 probaret

156 3981 326 4042 Stoicorum
347 3990 417 4037 vero
440 3978 571 4037 doctrina
592 3993 647 4036 nec
669 3977 705 4034 ah
728 3975 793 4050 ipso
815 3974 898 4033 initio
921 3991 1006 4047 nova,
1030 3969 1121 4048 quum
1135 3973 1312 4034 Heraclitum

157 4082 289 4141 Platonis
323 4058 459 4138 sermone
487 4077 589 4153 cynica
620 4076 649 4134 in
679 4075 782 4135 ethicis
813 4075 966 4135 severitate
998 4075 1133 4149 explicati
1159 4075 1313 4134 renovaret

156 4183 258 4243 ternis
281 4183 375 4256 tnagis
398 4188 430 4238 ut
451 4185 531 4238 reete
553 4177 609 4252 ipsi
631 4184 732 4251 postea
757 4177 891 4236 dicebant
913 4177 1025 4250 (Ari-sto
1049 4177 1139 4236 Chius
1161 4189 1207 4249 ap.
1232 4175 1310 4234 Sext.

160 4281 240 4356 559)
264 4278 280 4342 'a
301 4282 518 4341 Platonicorum
541 4282 570 4339 et
591 4280 847 4353 Peripateticorum
871 4279 976 4338 studiis
999 4279 1123 4349 diversa,
1147 4289 1238 4351 quum
1253 4263 1313 4353 prl-

160 4379 243 4444 mum
281 4382 498 4442 dialecticarum
536 4381 713 4439 divisionum
752 4395 841 4453 opere
879 4379 1056 4452 perficiendo
1090 4373 1312 4448 sustentaretur,

1073 4475 1115 4535 3*
