3036 5164
665 349 706 410 97

99 518 208 578 scribit
234 519 332 593 ipsum
361 519 409 592 qui
438 520 513 592 apud
544 519 702 593 Diogenem
730 527 774 578 cst
798 520 939 589 Dioclem,
970 536 1060 594 quum
1089 529 1117 582 et
1143 523 1261 582 alteram

100 622 185 680 illam
209 621 310 679 nrundl
333 620 531 678 definitionem
555 621 644 694 priori
667 637 772 680 nexam
795 625 872 696 apud
896 623 927 680 ll.
941 625 972 682 L.
997 639 1084 696 quam
1100 639 1158 682 non
1175 625 1263 682 habet

99 725 122 782 l.
149 724 186 781 00
215 723 325 780 mundo
358 723 537 799 verbotenus
565 729 676 795 repetat
703 738 740 780 ex
765 723 925 782 Posidonio
959 725 1023 782 siue
1056 725 1146 784 dubio
1170 741 1263 798 aequa

100 815 244 894 sumtum,
268 831 297 882 et
319 811 493 904 ἀστραπῆς
515 839 635 896 quoque
658 839 745 897 qnam
769 839 805 882 ex
827 827 944 884 Zenone
968 826 1054 885 insert
1076 826 1262 886 11100101..

100 923 217 998 7,153
238 933 268 984 01
289 922 428 1006 βροντῆς
451 925 605 999 explicatio
632 927 668 984 ad
692 927 810 984 verbum
840 930 942 986 eadem
970 928 1008 986 sit
1030 945 1105 1002 quae
1127 945 1172 1003 ap.
1198 931 1263 988 Sto-

100 1029 229 1100 baeum,
257 1028 315 1086 nisi
338 1029 416 1101 quod
440 1027 567 1086 Zenonis
595 1026 645 1085 illa
666 1028 763 1086 citatio
787 1030 897 1088 omissa
919 1037 973 1087 cst.
1020 1029 1105 1098 Quod
1133 1047 1202 1090 vero
1226 1033 1263 1088 00

100 1129 200 1204 ipsam
223 1129 350 1203 denique
371 1137 489 1200 terram,
513 1129 622 1187 multus
645 1137 690 1188 est
713 1135 815 1186 auctor
837 1131 872 1187 de
895 1133 1005 1189 mundo
1029 1131 1058 1188 in
1081 1131 1170 1191 rebus
1193 1147 1263 1206 geo-

103 1231 254 1305 graphicis
276 1231 329 1304 (cl.
352 1230 503 1290 Posidonii
522 1229 629 1288 librum
653 1224 730 1310 περὶ
742 1219 889 1292 ὠκεανοῦ
904 1248 1042 1306 magnum
1055 1233 1155 1292 itidem
1166 1235 1263 1292 locum

103 1332 312 1406 geographicis
335 1332 546 1390 concedentem
568 1339 643 1390 teste
667 1333 810 1392 Strabone
828 1331 857 1405 1,
877 1331 948 1392 149.
966 1331 1026 1393 155
1043 1335 1079 1392 01.
1096 1333 1126 1408 1,
1138 1333 1173 1408 8)
1195 1351 1264 1408 pro·

104 1451 217 1496 vocans
240 1435 304 1508 ipse
327 1435 363 1493 ad
384 1423 462 1504 00ος
483 1419 521 1492 εὖ
543 1426 941 1518 γεωγραφήσανταςὸ905
954 1435 1005 1508 22,
1030 1452 1106 1509 0000
1118 1453 1156 1496 ne
1167 1437 1265 1510 ipsum

103 1537 206 1612 potius
227 1537 451 1596 Eratosthenem
474 1543 507 1594 nt
528 1537 622 1610 primo
646 1538 748 1595 obtutu
770 1538 866 1610 placet
881 1552 968 1609 quam
983 1538 1163 1610 antiquiores
1185 1538 1266 1596 velut

104 1640 317 1698 Dicaearchum
346 1637 408 1695 sive
436 1638 593 1697 historicos
615 1639 764 1707 Timaeum
788 1639 936 1712 Ephorum
965 1640 1039 1697 alios
1066 1639 1264 1712 intelligemus

106 1736 632 1814 (01.01101011101.1101001125),
667 1746 764 1796 vetare
796 1740 910 1798 videtur
935 1741 1000 1812 ipsa
1028 1757 1115 1815 quam
1143 1756 1180 1798 ex
1207 1740 1265 1798 illis
1302 1780 1304 1786 s

106 1844 200 1903 sumit
231 1849 332 1901 aucto-r
359 1843 395 1900 00
421 1849 516 1900 terrae
543 1840 688 1898 habitatae
715 1840 898 1912 longitudine
926 1843 966 1914 (0.
991 1841 1097 1902 70000
1120 1842 1209 1913 stad.)
1238 1849 1267 1899 et

107 1943 259 2004 latitudine
288 1945 397 2016 (paene
419 1941 540 2014 40000)
568 1957 715 2000 mensura.
763 1943 971 2002 Eratosthenes
1003 1943 1080 2002 enim
1109 1949 1262 2014 postquam

107 2047 209 2106 multis
230 2045 363 2119 probavit
386 2051 481 2102 terrae
504 2043 649 2102 habitatae
672 2042 883 2116 longitudinem
908 2044 1075 2104 necessario
1092 2044 1159 2116 plus
1178 2057 1265 2116 quam

105 2149 198 2221 duplo
226 2147 377 2206 latitudine
407 2161 475 2204 esse
502 2145 657 2214 maiorem,
687 2143 717 2201 in
741 2159 799 2216 quo
821 2145 940 2219 plurimi
967 2160 1035 2202 eum
1057 2152 1086 2202 01
1108 2142 1266 2218 geographi

105 2251 201 2310 secuti
224 2257 293 2308 sunt
315 2256 344 2306 ct
366 2247 413 2307 0111
437 2252 572 2304 auctores
596 2246 716 2318 (Strabo
729 2243 758 2319 1.,
772 2244 843 2306 tot.
857 2245 944 2321 102),
969 2263 1060 2320 quum
1082 2245 1266 2304 latitudinem
1326 2313 1331 2328 x

106 2353 219 2412 diceret
247 2351 371 2410 stadium
401 2345 507 2409 38000
529 2347 601 2417 (Str.
620 2345 649 2419 1,
667 2345 739 2421 99),
773 2349 948 2422 longitudini
976 2349 1034 2406 iam
1060 2354 1146 2406 00100
1172 2352 1204 2403 01
1230 2361 1267 2402 ex

107 2453 262 2514 Strabonis
295 2452 393 2510 verbis
426 2448 584 2508 verishnile
617 2456 663 2507 est
694 2457 828 2522 receptae
862 2450 987 2509 stadium
1016 2447 1122 2509 70000
1149 2449 1206 2521 (sc.
1229 2448 1266 2504 ab

107 2555 187 2615 ostio
212 2553 350 2626 Gangetis
379 2550 474 2625 usque
501 2551 538 2607 00
565 2551 717 2610 columnas
740 2551 888 2623 Herculis,
919 2550 1083 2608 accuratius
1106 2565 1166 2608 000.
1189 2549 1265 2606 Erat.

108 2659 239 2716 stadium
262 2653 426 2716 toacher.
451 2653 507 2718 Str.
524 2649 553 2724 1,
570 2650 648 2724 101)
676 2653 800 2724 0001011,
827 2653 857 2710 10
881 2653 935 2710 hac
961 2669 993 2712 re
1015 2669 1032 2710 0
1056 2652 1198 2711 Strabone
1220 2663 1268 2707 re-

108 2761 286 2834 prehensus,
309 2759 442 2830 Europae
466 2760 547 2812 extra
569 2755 721 2814 columnas
736 2754 903 2812 incurvatae
917 2750 1011 2824 3000,
1035 2753 1182 2824 utrimque
1197 2763 1267 2808 vero

110 2863 234 2934 insuper
256 2876 291 2916 ex
315 2859 484 2918 coniectura
505 2853 591 2920 2000
614 2857 698 2928 stad,
721 2857 760 2915 ita
783 2863 815 2915 ut
838 2854 934 2912 omnis
957 2855 996 2912 sit
1017 2853 1169 2926 longitudo
1193 2851 1266 2908 stad.
1323 2833 1327 2840 ¹

109 2962 218 3026 77800
241 2963 313 3034 (Str.
331 2957 360 3032 1.,
377 2956 531 3031 101-2).
584 2956 665 3024 0000
699 2973 839 3016 nonteros
873 2956 912 3014 ita
942 2955 1059 3028 reliquit
1084 2952 1268 3027 hipparchus

110 3075 143 3126 ut
165 3047 380 3138 longitudinem
408 3056 645 3120 010010170000
672 3060 757 3130 0100,
786 3057 968 3122 latitudinem
999 3053 1106 3118 30000
1128 3061 1164 3113 01.
1195 3054 1267 3125 (Str.

111 3168 141 3242 1,
160 3162 318 3228 179--84.
342 3163 381 3222 01.
396 3159 468 3223 100.
485 3158 574 3233 167),
602 3159 817 3234 posterioribus
840 3159 989 3235 plerisque
1011 3157 1176 3232 Hipparcho
1200 3169 1270 3212 con-

112 3268 309 3330 sentientibus
326 3265 377 3337 (cl.
391 3263 496 3322 Strabo
508 3261 537 3334 1,
551 3259 622 3322 184.
639 3261 822 3335 Agathemer.
836 3259 865 3332 2,
879 3259 923 3332 1).
958 3259 1135 3322 Posidonius
1152 3271 1270 3330 quoque

113 3373 232 3444 longam
260 3367 330 3426 lecit
357 3374 463 3426 terram
490 3363 597 3425 70000
620 3371 655 3423 01.
680 3364 725 3435 (1,
742 3361 820 3434 162)
855 3362 931 3422 01001
956 3363 1090 3436 plerique
1118 3356 1269 3433 (1·,167).

37 3547 41 3556 ,
112 3471 317 3532 Artemidorus
341 3467 469 3540 deniqne
491 3466 638 3540 Ephesius
661 3464 816 3538 hypothesi
844 3463 892 3522 1110
914 3463 1014 3522 relicta
1035 3465 1090 3520 bos
1114 3461 1194 3520 dedit
1216 3475 1271 3518 nu-

114 3589 214 3634 meros
236 3568 362 3632 39520:
377 3565 482 3628 68544
505 3561 899 3640 (01100110111000071560,
923 3563 1089 3636 additisque
1111 3561 1270 3621 aGadibus

114 3693 211 3750 usque
235 3676 270 3733 ad
294 3689 388 3747 prom.
413 3665 705 3739 sacramentam,
729 3665 835 3728 72472
858 3665 920 3724 sive
943 3661 1074 3736 75488),
1098 3670 1166 3737 post
1181 3677 1270 3736 quem

115 3779 249 3838 isidorus
266 3775 452 3834 Characenus
468 3768 575 3835 45920
587 3789 594 3828 :
608 3768 713 3832 78544
730 3765 960 3842 (ΡΙ10.2,112).
999 3768 1069 3826 1000
1085 3766 1274 3824 1000000101

115 3897 176 3941 non
200 3879 297 3938 solnm
320 3884 387 3936 aute
410 3875 618 3949 hipparchum,
642 3874 721 3946 quod
745 3872 941 3934 certissimum
956 3877 1011 3941 001,
1035 3867 1190 3928 sedetiam
1206 3872 1274 3926 ante

116 3982 340 4044 Eratosthenem
374 3977 484 4037 vixisse
510 3974 734 4050 Peripateticum
765 3973 847 4032 illum
881 3972 931 4045 qui
965 3971 1072 4028 librum
1100 3969 1137 4028 00
1163 3967 1274 4028 mundo
1380 4010 1382 4015 .

117 4081 293 4157 composuit.
338 4079 489 4138 Accedunt
511 4077 574 4134 alia.
621 4077 760 4149 Sequitur
786 4083 888 4134 auctor
914 4075 1016 4132 falsam
1044 4068 1178 4130 clitarchi
1201 4053 1273 4141 (St'r.

118 4187 149 4258 2,
165 4181 238 4244 398.
263 4183 298 4239 01.
322 4175 515 4251 0110015)
539 4178 722 4252 opinionem,
751 4192 867 4250 exque
891 4192 908 4233 a
929 4175 1002 4234 mari
1025 4171 1168 4248 Hyrcania
1192 4186 1275 4229 στε-

119 4276 297 4356 νώτατος
323 4274 449 4360 ἰσθμὸς
474 4270 601 4352 aiendo
624 4267 748 4340 πόντον
770 4267 880 4360 διήκει
895 4273 982 4337 39311
1005 4272 1061 4335 25;
1096 4272 1183 4332 huius
1206 4285 1275 4328 vero

121 4389 220 4450 isthmi
249 4387 370 4447 latitudo
398 4383 581 4444 Eratostheni
609 4383 665 4440 iam
694 4388 739 4440 est
766 4378 851 4439 1000
874 4386 909 4436 01.
939 4379 1010 4449 (Str.
1028 4370 1168 4447 1,,145),
1196 4373 1278 4430 Posi-

167 4516 231 4556 llore
250 4506 278 4554 00
291 4505 357 4554 libris
371 4501 511 4550 Aristotelis.
858 4511 860 4516 ⁴
1059 4477 1077 4536 7
