3036 5164
815 339 877 402 156
949 389 951 394 .

273 520 316 594 (p.
334 514 409 577 6811.
427 515 461 574 01.
474 515 572 572 Arerr.
589 511 669 587 681).
714 513 773 571 Neo
795 513 869 572 0100
891 512 1002 572 absona
1024 517 1070 570 est
1085 513 1121 569 ab
1132 511 1302 572 Aristotelis
1318 510 1417 570 ratione

273 621 322 679 illa
344 620 459 693 qualern
482 617 601 691 quidem
623 616 715 675 luisse
739 622 835 676 mente
859 614 968 688 lingere
992 614 1134 674 debemus
1157 615 1315 674 nominum
1338 613 1418 686 expli-

274 730 403 780 catorum
436 719 638 794 congregatim
673 718 723 792 qui
750 733 841 789 quum
874 731 991 789 semper
1024 716 1084 774 fere
1112 715 1142 774 iu
1166 717 1233 791 ipsa
1257 715 1419 792 quaestione

274 829 393 882 tractata
415 824 450 881 dc
472 822 592 881 nomine
615 820 822 894 distinguendo
845 827 976 892 moneat,
1000 818 1076 877 siout
1097 820 1323 893 Theophrastus
1344 817 1419 877 etiarn

274 925 304 982 in
327 925 401 984 libro
430 926 466 982 de
488 923 605 999 plantis,
629 929 727 980 tamen
757 929 786 980 ct
811 921 843 978 iu
864 923 1055 996 Physicorum
1089 923 1220 980 secundo
1258 920 1311 994 qui
1333 935 1419 978 reruni

274 1027 450 1086 naturalium
483 1027 568 1100 quasi
595 1024 713 1098 quidam
747 1032 792 1082 est
818 1023 893 1082 liber
925 1016 1004 1106 περὶ
1028 1019 1093 1085 τῶν
1121 1017 1304 1100 πολλαχῶς
1326 1021 1419 1093 (01.1)

274 1130 422 1203 quomodo
446 1135 581 1212 quartum
604 1126 685 1184 illum
698 1125 927 1201 Metaphysicum
951 1126 1147 1199 compositum
1158 1127 1256 1185 luisse
1268 1129 1419 1182 statuamus

244 1221 247 1232 '
274 1233 441 1306 exemplum
464 1228 552 1286 dedit.
599 1227 733 1286 Ceterum
756 1228 865 1286 Nicolai
878 1229 1040 1288 sententiae
1053 1228 1275 1302 quodammodo
1288 1223 1421 1284 consentit

167 1398 170 1404 .
275 1340 376 1392 auctor
397 1332 464 1391 libri
488 1332 592 1390 decimi
610 1321 669 1405 (κ’)
691 1333 727 1390 ab
750 1330 904 1389 Aristotele
926 1331 1013 1404 plane
1036 1329 1122 1388 alieni
1143 1330 1265 1401 (contra
1281 1325 1419 1402 quodvult

275 1433 376 1492 Bonitz
399 1434 509 1492 Corum.
533 1450 561 1507 p.
578 1429 629 1492 15.
658 1432 730 1490 nihil
753 1431 830 1490 enim
857 1431 982 1491 1001101
1005 1434 1080 1492 hanc
1101 1447 1164 1491 reru
1186 1445 1288 1504 neque
1313 1435 1419 1488 seuten-

275 1533 384 1592 tiarum·
403 1542 565 1593 concentus
598 1549 653 1592 neo
680 1534 825 1592 sermonis
853 1534 1012 1616 similitudo
1047 1541 1080 1594 ut
1106 1536 1192 1593 docet
1213 1532 1418 1594 Eudemeorun

277 1635 419 1694 librorum
442 1642 471 1692 ct
491 1637 772 1710 Theophrasteorum
796 1635 900 1710 ratio),
935 1637 985 1710 qui
1018 1638 1094 1696 libro
1128 1637 1259 1710 quodam
1294 1631 1418 1692 historico

276 1736 440 1812 praemisso
464 1736 553 1810 (01.0.
571 1736 641 1795 110.
666 1739 737 1796 Bou.
750 1756 778 1813 p.
795 1737 851 1810 22)
875 1738 973 1798 denuo
995 1739 1031 1798 ab
1054 1739 1138 1798 initio
1160 1744 1255 1796 totam
1271 1734 1416 1794 doctrinan

276 1846 412 1912 tractans,
440 1855 576 1897 verorum
598 1839 761 1898 Aristotelis
782 1840 925 1899 librorum
948 1831 976 1922 γ’
1000 1848 1028 1900 01
1050 1830 1076 1900 o'
1104 1856 1165 1900 nou
1192 1840 1293 1898 solum
1316 1841 1417 1894 senten-

275 1943 382 2000 tiarum
405 1943 538 2000 ordinem
561 1951 589 2000 et
611 1941 815 2014 disputationis
839 1941 1118 2015 consilium-agit
1133 1940 1212 2000 enim
1223 1947 1295 2015 post
1306 1937 1416 2014 positun

277 2043 493 2118 metaphysicae
516 2045 737 2101 fundamentum
759 2041 886 2116 logicum
910 2046 946 2103 de
969 2044 1080 2103 ambitu
1099 2051 1127 2103 et
1139 2043 1312 2102 defiuitione
1323 2039 1416 2114 primae

276 2145 481 2219 philosophiae
504 2145 555 2216 (ci.
578 2147 651 2203 Bon.
676 2143 787 2202 Gomm.
811 2163 839 2218 p.
856 2143 949 2218 463),
977 2145 1088 2206 omisso
1108 2153 1206 2202 tamen
1230 2153 1261 2204 et
1284 2141 1415 2218 quaestio·

276 2263 348 2304 rrum
370 2233 406 2304 et
420 2246 571 2304 nominum
594 2247 669 2304 libro
693 2261 818 2320 quorum
842 2263 916 2320 quae
938 2250 997 2308 huc
1018 2249 1166 2324 pertinent
1191 2247 1222 2306 in
1246 2247 1323 2322 ipsis
1342 2257 1414 2318 quoe

278 2349 424 2408 stionihus
448 2347 596 2408 solvendis
624 2347 699 2406 sicut
720 2349 751 2406 in
773 2349 907 2423 Physicis
929 2343 1125 2410 10100101-
1147 2349 1280 2409 imitatus
1303 2343 1415 2419 001001

277 2451 363 2510 etiam
391 2450 421 2508 in
444 2447 504 2509 07
539 2449 674 2524 (minime
697 2457 763 2524 apte
785 2460 853 2524 post
875 2467 900 2510 o.
917 2449 937 2512 3
953 2454 1017 2511 014
1045 2456 1148 2514 eadem
1175 2455 1238 2514 lere
1262 2445 1413 2514 exhibente)

277 2552 358 2610 0110
381 2549 531 2610 08111111
554 2551 646 2624 quinti
670 2551 868 2626 00001012
894 2557 1073 2616 verbotenus
1100 2557 1248 2630 exscripta
1270 2547 1413 2624 excerpsit

277 2652 383 2711 deinde
405 2668 474 2710 vero
498 2668 588 2726 quum
611 2653 769 2712 accidentis
796 2655 917 2714 notione
944 2658 1063 2718 delinita
1085 2666 1114 2717 et
1136 2675 1152 2717 0
1174 2658 1299 2717 scientia
1320 2655 1413 2712 0001010

278 2757 314 2813 10
336 2755 401 2830 ipsa
423 2754 585 2812 substantia
608 2755 656 2813 vix
678 2755 793 2830 incepta
817 2757 855 2816 sit
878 2758 1045 2833 disputatio,
1070 2767 1235 2835 sequuntur
1258 2758 1338 2818 nullo
1359 2765 1413 2810 sen·

275 2858 432 2916 tertiarum
458 2855 574 2914 viuculo
609 2856 681 2928 (nisi
704 2874 804 2918 sumas
827 2867 975 2920 auctorem
1002 2863 1038 2921 de
1062 2863 1140 2922 omni
1162 2862 1324 2922 theoretica
1343 2867 1411 2930 pttt⁴

275 2959 366 3018 latum
398 2965 553 3032 utramque
586 2965 615 3015 et
641 2960 830 3034 physicorum
863 2970 892 3021 01
917 2965 1185 3039 metaphysicorum
1216 2961 1410 3038 principiorum

276 3053 437 3119 doctrinam
461 3061 677 3133 quodammodo
701 3062 879 3136 coniungere
900 3065 1046 3139 voluisse)
1074 3071 1209 3140 excerpta
1235 3083 1274 3124 er
1295 3054 1410 3135 Physicis

276 3165 366 3237 (quae
388 3169 486 3220 tamen
509 3157 570 3218 06
592 3166 740 3234 tamquam
763 3163 858 3222 aliena
879 3167 1018 3240 citantur)
1050 3170 1086 3228 de
1113 3178 1195 3228 motu
1217 3176 1247 3227 01
1268 3160 1409 3226 mutationi

275 3273 305 3323 et
326 3263 438 3322 infinito
460 3260 653 3334 terminisque
680 3265 811 3346 physicis
837 3266 867 3324 in
890 3269 977 3344 Phys.
995 3267 1060 3343 5,3
1082 3271 1225 3330 tractatist
1261 3271 1300 3328 110
1326 3271 1355 3322 ut
1373 3257 1409 3316 hit

274 3367 349 3424 000
376 3365 529 3424 manifesto
559 3363 596 3422 sn
617 3364 828 3438 hippomanes
854 3369 912 3428 uns
936 3379 965 3430 0
986 3373 1186 3432 0000010οο
1214 3343 1408 3445 conparandos

275 3469 325 3543 qui
348 3483 384 3526 ex
406 3467 529 3526 allorum
544 3466 687 3525 librorum
700 3468 869 3542 fragmentis
881 3473 1168 3547 consarcinabantur,
1191 3465 1408 3549 partim-quiden

274 3588 310 3630 ex
337 3571 411 3629 libro
440 3570 567 3644 quodam
601 3568 736 3644 discipuli
766 3571 918 3630 cuiusdam
945 3573 1110 3634 Aristotelis
1136 3576 1241 3648 partim
1269 3564 1407 3642 exipsius

273 3672 404 3748 Physicis
427 3670 618 3744 compositus.
664 3671 790 3730 Omnino
812 3688 882 3732 vero
904 3673 970 3732 libri
986 3691 1090 3735 omues
1106 3676 1251 3736 decimum
1267 3673 1408 3749 sequentes

272 3774 383 3832 nullam
405 3772 462 3829 iam
485 3772 593 3830 habent
615 3779 723 3830 cauam
746 3775 960 3849 auctoritatem
983 3777 1048 3852 ipse
1071 3781 1143 3837 ordo
1156 3780 1264 3839 dubius
1277 3779 1407 3847 cstqullffl

272 3875 302 3933 in
324 3873 475 3933 nonnullis
509 3875 724 3949 exemplaribus
751 3885 779 3935 ct
807 3877 925 3950 quidem
957 3880 1004 3937 ycl
1033 3881 1150 3954 optimis
1177 3883 1257 3941 velut
1283 3882 1312 3939 iu
1332 3871 1369 3934 Ab
1386 3871 1408 3924 tl

272 3983 422 4052 practerea
444 3975 474 4032 in
499 3977 528 4035 S.
550 3974 602 4033 Bb.
627 3975 676 4037 Cb.
700 3975 740 4036 Eb
761 3979 877 4052 (Bonitz
900 3982 989 4053 prael.
1013 3999 1041 4056 p.
1058 3983 1188 4056 v—Vll)
1210 3983 1277 4043 libri
1297 3969 1329 4059 μ’
1347 3983 1373 4034 01
1386 3955 1406 4028 ν’

271 4086 338 4139 0010
360 4079 452 4138 libros
475 4067 513 4154 κ’,
536 4069 565 4139 λ’
587 4080 675 4154 positi
698 4081 874 4154 legerentur,
898 4081 1063 4142 Alexandro
1085 4091 1183 4142 tamen
1210 4087 1327 4160 antiquo
1348 4074 1405 4137 satis

270 4189 345 4244 teste
367 4185 428 4257 (ap.
452 4181 567 4254 hverr.)
590 4182 740 4256 vulgarem
763 4183 895 4243 ordinem
918 4187 1073 4259 probante:
1108 4187 1176 4244 huie
1197 4187 1275 4246 enim
1297 4185 1364 4244 liber
1382 4159 1404 4231 λ’

270 4285 359 4344 totius
383 4283 454 4342 ortis
475 4283 557 4341 libris
579 4271 679 4342 0’-λ’
703 4293 771 4356 post
792 4285 1001 4360 Prolegomona
1025 4290 1254 4362 comprehensae
1276 4285 1339 4346 huis
1359 4283 1402 4340 001

271 4402 358 4459 quern
381 4386 530 4460 excipiunt
552 4385 582 4444 in
605 4387 688 4446 libris
713 4386 822 4446 ultimis
851 4389 967 4447 duobus
990 4388 1197 4464 llpilegomena
1220 4390 1353 4464 quaedam
1374 4379 1403 4434 de
