3036 5164
774 331 835 396 102

232 503 343 579 (Quint.
361 503 438 584 5,1)
472 514 500 566 et
527 499 690 584 ἐπέχνοος
718 504 837 564 addidit.
889 502 972 560 llunc
998 501 1132 576 sequitur
1158 499 1328 558 rhetoricae
1359 496 1398 556 ad

232 605 428 668 Alexandrum
451 617 560 682 auctor,
584 608 641 666 nisi
664 607 744 682 quod
767 623 857 680 quum
872 613 1025 679 praecepto
1039 609 1151 662 mnium
1168 604 1237 662 dare
1248 605 1402 674 properet

233 708 458 784 aphilosophia
479 710 593 770 alienus
616 716 644 768 et
666 707 737 766 artis
760 706 958 766 definitionem
982 721 1100 764 omnem
1116 704 1215 762 omisit
1236 703 1403 775 (diversus

234 807 264 866 in
288 811 343 869 hoc
365 813 643 872 aTheodeotaorum
666 815 785 868 auctora
807 807 891 866 cuius
905 805 1104 866 definitionem
1117 804 1241 864 seruauit
1253 801 1405 876 Quintil.)

235 918 264 968 et
291 927 409 970 omnem
435 913 523 972 trium
552 927 694 987 generum
722 909 873 968 rationem.
921 908 1080 981 Postquam
1109 906 1187 964 enim
1214 904 1405 964 divisionem

235 1011 447 1089 aristotelicam
474 1015 601 1074 breviter
627 1010 734 1085 tetigit,
763 1011 860 1068 statim
888 1011 923 1068 ad
947 1011 1027 1082 ipsas
1050 1008 1165 1081 species
1187 1007 1324 1065 animum
1351 1005 1406 1062 ad-

238 1113 323 1172 vertit
354 1105 436 1176 καθ’
471 1105 507 1176 ἓν
539 1104 678 1176 iuuetur
710 1097 800 1185 είδος
828 1101 1012 1188 ἀπολαβών
1044 1105 1232 1182 (laetula,
1271 1123 1340 1166 non
1372 1113 1406 1163 ut

238 1212 355 1273 Aristot.
372 1213 402 1288 3,
419 1215 568 1290 useel:
592 1217 680 1288 idque
703 1229 738 1272 eo
761 1215 871 1272 maiore
896 1213 1014 1286 quidem
1038 1211 1111 1281 iure,
1135 1211 1214 1284 qnod
1242 1209 1311 1282 ipse
1330 1206 1409 1265 dicit

239 1313 339 1374 inesse
366 1318 396 1375 in
425 1317 505 1376 omni
534 1333 641 1391 genere
675 1331 779 1374 omues
812 1317 865 1373 has
892 1313 1007 1388 species
1033 1310 1114 1386 (cd.
1132 1309 1239 1370 11271)
1255 1303 1406 1369 30-36,

240 1415 275 1471 oi.
293 1431 318 1472 a.
335 1415 383 1492 7),
410 1418 535 1475 maxime
560 1426 659 1476 minen
686 1418 715 1474 in
743 1433 779 1476 eo
801 1418 848 1476 eui
871 1416 988 1490 proprie
1010 1414 1144 1487 singulae
1166 1425 1303 1486 quaeque
1331 1408 1410 1467 suh*

242 1513 413 1591 iungantur;
442 1518 481 1576 ita
511 1520 541 1576 in
565 1510 780 1600 δημηγορίαις
802 1518 928 1576 maxime
950 1523 1020 1575 sunt
1041 1505 1233 1596 προτροπαλ
1255 1518 1285 1570 et
1309 1499 1408 1571 σἰπο-

242 1611 367 1696 τροπαὶ
399 1617 521 1694 (laath
544 1619 607 1699 19),
642 1621 671 1678 in
705 1610 869 1692 ἐπιδείξει
900 1618 1028 1676 maxime
1061 1605 1206 1698 ἐγκώμια
1239 1621 1268 1672 et
1290 1601 1409 1698 ψόγοι

243 1714 428 1792 (latonia,
453 1723 489 1782 de
511 1740 570 1796 quo
593 1723 680 1797 igitur
702 1725 767 1781 loeo
792 1737 865 1780 rana
885 1735 1009 1794 prorsus
1032 1726 1102 1778 aunt
1124 1716 1273 1792 Spengelii
1297 1721 1410 1773 contra

244 1819 417 1880 Lerschlnm
438 1825 527 1884 verba
549 1827 585 1884 ud
611 1825 742 1882 Ananim.
765 1841 794 1897 p.
812 1822 884 1883 229.
908 1823 943 1880 cl.
961 1817 1069 1879 14261)
1087 1815 1155 1896 18),
1187 1818 1217 1876 in
1244 1812 1410 1898 δικανικῇ

244 1914 456 2007 πραγματείᾳ
478 1928 604 1986 maxime
625 1915 820 2006 κατηγορίαι
842 1934 872 1986 et
893 1911 1095 2002 ἀπολογίαις
1128 1919 1175 1976 eui
1198 1919 1329 1977 iudiciali
1356 1934 1409 1992 ge-

246 2024 308 2081 neri
332 2023 369 2100 (c.
385 2022 426 2085 37
443 2025 519 2103 init.)
543 2027 695 2100 coniungit
716 2029 874 2101 septimum
897 2011 996 2096 εἶδος,
1018 2016 1058 2084 τὸ
1075 2013 1295 2095 ἐξεταστικὸν,
1321 2021 1407 2095 qnod

247 2125 343 2182 solnm
373 2142 427 2200 per
453 2143 485 2186 se
513 2142 573 2186 non
599 2129 659 2186 lere
686 2145 744 2186 usn
777 2129 857 2187 venit
889 2128 941 2186 sed
969 2124 1074 2184 ueteris
1096 2123 1254 2197 generibus
1277 2122 1409 2181 mixtum

248 2231 308 2296 est,
337 2234 366 2286 et
391 2221 579 2302 πολιτικοῖς
607 2219 781 2310 ξολλόγοις
806 2229 869 2302 (qul
893 2236 963 2287 aunt
984 2216 1020 2288 αλ
1042 2214 1241 2306 πανηγύρεις
1262 2224 1408 2282 ludorum

248 2326 447 2400 publicorum,
470 2329 505 2388 ol.
530 2331 664 2390 Isocratis
687 2330 918 2390 Panathenaicus
941 2337 970 2388 et
992 2328 1043 2402 qui
1066 2326 1148 2384 mixti
1171 2324 1290 2398 generis
1306 2357 1351 2366 -—
1372 2323 1408 2381 cl.

249 2427 347 2495 Quint.
364 2427 393 2503 3,
409 2430 440 2504 l,
457 2431 498 2490 14
520 2463 562 2474 -
584 2434 750 2506 exemplum
772 2440 818 2491 est
839 2430 1051 2506 Panegyricus:
1074 2429 1161 2488 habet
1183 2427 1262 2485 enim
1285 2434 1315 2486 et
1339 2439 1409 2484 sua-

249 2517 365 2588 sionem
398 2542 427 2592 et
459 2533 657 2592 laudationem
690 2541 719 2592 et
746 2531 1045 2592 Lacedaemoniorum
1078 2530 1154 2589 siout
1187 2528 1217 2586 in
1243 2527 1407 2586 Panatheu.

249 2621 400 2702 ἐξέτασιν
422 2635 456 2692 α1.
481 2633 564 2704 520.
582 2631 655 2710 129)
679 2641 778 2708 aptum
802 2643 831 2694 et
851 2632 922 2706 τοῖς
944 2623 1044 2705 ἰδίοις
1066 2628 1259 2708 (scindieiis)
1284 2637 1314 2688 et
1335 2624 1408 2698 τοῖς

251 2726 427 2813 δημοσίοις
460 2733 616 2809 (quisunt
647 2725 823 2815 didacidi
853 2745 882 2795 et
904 2725 940 2795 αἱ
961 2724 1152 2815 ἐκκλησίαι).
1207 2733 1285 2790 llaec
1320 2719 1409 2792 ἑπτὰ

252 2825 325 2917 ε’ίδη
350 2836 391 2896 ita
417 2838 448 2897 in
476 2838 559 2897 initio
583 2838 647 2897 sine
669 2839 781 2896 ratione
803 2845 967 2912 ponuntur,
1001 2845 1034 2895 ut
1055 2837 1092 2894 ah
1114 2835 1179 2908 ipso
1203 2841 1323 2892 auctore
1347 2845 1408 2890 non

251 2939 368 2998 iuventa
391 2953 577 3013 essedaque
604 2953 655 2998 sex
679 2940 728 2998 illa
754 2955 851 3014 neque
879 2938 1035 3016 septimum
1058 2938 1227 3005 concludas,
1250 2935 1304 2992 sed
1326 2945 1410 2992 rece·

252 3047 335 3115 ptum
357 3042 394 3099 ah
416 3041 473 3099 alio
496 3039 850 3124 quodam-inventoris
873 3041 951 3099 enim
967 3047 1029 3099 erat
1040 3041 1241 3098 demonstrare
1252 3035 1407 3102 rationem,
1500 3030 1502 3072 l

252 3141 318 3214 ipsa
339 3157 408 3200 vero
430 3139 560 3199 inventio
586 3142 737 3199 theoretici
766 3159 826 3201 non
853 3142 947 3216 qualis
975 3142 1022 3200 hia
1048 3147 1094 3198 est
1120 3145 1274 3212 praecepta
1296 3134 1409 3209 compi·

253 3243 339 3301 lautis
362 3275 404 3284 -
426 3243 488 3302 scil.
512 3257 547 3300 ex
570 3243 761 3302 Theodecteis
788 3259 863 3318 quae
890 3245 955 3318 ipsa
981 3243 1104 3301 sortasse
1127 3241 1219 3313 tangit
1240 3239 1355 3314 Syrien.
1378 3236 1407 3294 in

254 3343 390 3418 Hermog.
414 3343 497 3402 Rhet.
522 3343 570 3403 Gr.
587 3345 631 3416 lV,
649 3343 690 3404 60
713 3345 817 3403 Walz.:
856 3348 942 3405 verha
976 3345 1054 3402 enim
1082 3341 1245 3400 Aristotelis
1279 3342 1317 3400 ah
1352 3342 1408 3398 hoa

255 3443 339 3502 citata
364 3442 411 3522 (oi.
429 3445 527 3514 Quint.
543 3442 573 3519 3,
589 3443 618 3518 7,
635 3445 666 3519 1)
695 3447 724 3504 1ο
747 3454 839 3506 artem
861 3456 940 3506 certe
962 3447 999 3504 ad
1021 3445 1216 3502 Alexandrmn
1238 3443 1408 3517 inscriptam

255 3545 369 3604 etiamsi
402 3549 490 3607 cedas
523 3548 690 3608 arbitrariae
717 3549 864 3623 Spengelii
898 3545 1070 3607 correctioni
1103 3545 1224 3603 minima
1255 3547 1408 3619 quadrant,

256 3648 292 3706 cl.
306 3662 329 3704 o.
342 3642 393 3707 38.
407 3649 515 3723 Speng.
528 3650 565 3707 ad
577 3650 668 3708 Anax.
680 3666 708 3724 p.
716 3649 788 3721 101,
801 3650 831 3709 in
842 3648 1033 3710 Theodecteis
1044 3655 1143 3706 autem
1154 3647 1263 3721 quihus
1275 3663 1308 3706 se
1321 3661 1408 3708 usum

256 3763 324 3806 esse
346 3748 411 3821 ipse
433 3756 535 3808 auctor
556 3750 711 3809 confitetur
732 3759 761 3810 et
783 3751 913 3810 delinitio
936 3757 997 3810 erat
1019 3751 1089 3808 artis
1103 3749 1266 3809 rhetoricae
1281 3747 1408 3810 auctoris

257 3849 394 3924 anonymi
422 3850 526 3909 rationi
554 3851 758 3911 consimillima
791 3853 901 3927 (Quint.
918 3849 1015 3924 2,15,
1032 3850 1088 3913 lo:
1123 3853 1253 3924 „ducere
1273 3851 1409 3910 homiues

257 3951 383 4010 dicendo
405 3951 435 4010 in
458 3952 487 4009 id
510 3952 590 4025 quod
612 3960 692 4013 aeter
713 3955 808 4030 velit”)
835 3961 866 4012 et
891 3962 924 4012 ut
945 3953 975 4012 in
997 3955 1077 4015 iente
1110 3961 1342 4013 consentaneum
1365 3955 1409 4012 est

258 4054 360 4111 eadem
388 4052 502 4112 divisio.
547 4053 661 4128 Syriani
687 4063 784 4113 autern
812 4056 848 4113 de
876 4055 1030 4116 Aristotele
1062 4055 1261 4115 testimonium
1287 4055 1313 4114 si
1341 4068 1410 4114 oon·

259 4169 364 4212 sonum
392 4162 439 4213 est
465 4155 502 4212 de
527 4153 706 4215 Anaximene
734 4155 918 4230 Quintiliani,
949 4173 1010 4217 non
1039 4157 1136 4215 statim
1172 4156 1241 4216 inde
1278 4156 1410 4229 saqidtur

258 4256 385 4312 eundem
409 4253 514 4315 librum
538 4257 668 4316 voluisse
691 4264 862 4331 utrumque,
890 4259 1061 4333 praesertim
1089 4274 1180 4331 quum
1208 4257 1268 4316 reri
1292 4257 1410 4316 minime

259 4353 354 4414 simile
377 4357 416 4415 sit
437 4367 503 4431 post
527 4358 683 4418 Andronici
707 4350 849 4431 πίνακας
872 4360 901 4417 in
926 4375 1042 4420 omnem
1066 4359 1264 4433 posteritatem
1282 4359 1409 4418 valentes
