3024 5162
662 385 725 448 ele

105 553 226 626 perdita
249 563 303 628 est,
328 564 360 616 ut
383 557 455 616 salso
478 557 588 632 putavit
611 559 737 634 Spengel
759 577 788 634 p.
805 557 882 620 166:
906 562 942 619 da
965 559 1011 621 his
1033 559 1112 619 enirn
1128 559 1265 620 omnihus

104 656 245 716 instituta
279 659 315 718 de
350 659 542 735 respiratione
575 661 771 735 disputatione
804 662 867 736 ipsa
900 661 1051 722 dirimitur.
1101 661 1152 722 Est
1178 661 1266 736 igitur

104 759 268 818 Pariorum
291 762 467 820 naturalium
490 778 565 836 qnae
586 770 728 822 vocantur
750 764 862 839 primus
884 765 959 824 lihcr
979 755 1058 846 περὶ
1073 752 1266 848 αἰσθήσεως

104 854 169 923 καὶ
189 853 303 937 incon,
326 877 385 936 qno
408 863 527 922 nomine
548 865 585 923 ab
607 864 672 940 ipso
695 865 850 928 Aristotele
871 867 1131 942 comprehenditur
1141 867 1178 926 de
1189 874 1263 941 part.

105 981 158 1023 an.
175 965 205 1038 2,
221 963 251 1026 7.
267 961 355 1026 6531
371 963 412 1026 19
439 966 489 1026 uhi
517 967 554 1024 de
581 983 670 1025 causa
696 968 793 1026 somni
820 984 986 1028 memorans
1011 969 1179 1044 librumque
1211 967 1262 1042 qui

105 1075 214 1143 postea
241 1068 347 1127 dicitnr
374 1069 410 1128 de
437 1083 543 1127 somno
570 1067 732 1144 respiciens
757 1067 831 1147 (000
854 1071 933 1131 0010)
960 1078 1038 1130 recte
1060 1087 1098 1130 cx
1118 1073 1175 1132 hoe
1196 1072 1263 1130 loco

106 1169 208 1228 effecit
239 1171 477 1260 Trendclenhurg
505 1171 524 1228 1.
548 1186 573 1228 0.
596 1187 625 1246 p.
642 1169 705 1232 119
740 1173 776 1232 de
809 1187 913 1232 somno
948 1171 1045 1246 egisse
1077 1172 1262 1234 Aristotelem

105 1271 197 1331 etiam
220 1273 250 1332 in
271 1273 346 1332 lihro
369 1273 406 1334 de
428 1287 519 1332 sensu
541 1288 621 1332 nune
643 1273 758 1352 mutilo)
791 1275 831 1334 ait
856 1274 910 1333 ite:
942 1267 1021 1357 trapi
1054 1258 1100 1336 ὦ)
1132 1266 1261 1359 εἴρηται

104 1363 193 1435 καθ’
224 1362 308 1436 cimai
335 1365 371 1436 ἔν
391 1393 428 1435 te
448 1373 519 1448 τοῖς
543 1367 622 1454 περὶ
649 1365 842 1458 αἰσθήσεως
868 1370 925 1438 καὶ
953 1371 1032 1461 περὶ
1050 1368 1158 1439 Aaron
1180 1373 1261 1440 dtur-

104 1467 295 1557 ρισμένως·
316 1477 384 1536 licet
405 1477 585 1552 posteriores
608 1478 727 1552 quidem
750 1479 879 1538 editores
893 1481 1021 1553 itemque
1032 1478 1143 1539 Arabes
1154 1481 1262 1542 lihrunt

105 1582 146 1639 de
174 1595 266 1639 sensu
298 1579 327 1638 in
356 1581 432 1638 duos
465 1579 595 1639 dividant
622 1577 670 1656 (cl.
695 1581 780 1639 codd.
810 1581 847 1640 ilo
876 1581 964 1639 nell.
988 1599 1016 1657 p.
1033 1578 1096 1642 436
1124 1591 1154 1642 et
1175 1585 1260 1642 codd.

106 1681 201 1752 Qtoa
219 1681 256 1740 011
278 1687 308 1741 01
330 1682 475 1756 margines
498 1683 567 1742 imll
590 1683 676 1740 11011.
700 1683 737 1740 06
759 1681 846 1742 taen
862 1681 903 1742 26
926 1683 976 1741 011
998 1683 1101 1758 incipit
1111 1685 1261 1744 secundus

105 1785 126 1844 1.
150 1799 175 1844 0.
199 1799 224 1844 0.
242 1781 339 1864 5-7)
362 1784 458 1858 iisqne
480 1783 618 1846 adiiciant
638 1783 746 1842 lihrum
769 1791 935 1857 separatum
957 1777 1037 1867 trapi
1055 1775 1185 1868 μηῇμης
1204 1780 1261 1848 καὶ

107 1878 229 1962 inrue,
256 1903 315 1962 quo
342 1886 429 1946 titulo
455 1903 546 1962 quum
569 1901 584 1944 a
607 1884 755 1944 veteribus
784 1900 872 1959 saepe
894 1885 1000 1946 citetur
1024 1886 1073 1964 (01.
1096 1887 1261 1950 Alexander

108 1991 139 2049 10
162 1989 258 2066 Topie.
286 2005 315 2064 p.
332 1987 455 2049 edent
479 1987 525 2047 ar.
560 2004 597 2047 ex
630 2003 688 2062 quo
715 1987 821 2048 Suidas
849 2003 873 2046 s.
895 1977 1021 2070 μνήμη,
1055 1987 1194 2050 Alexand.
1222 1991 1259 2048 de

107 2088 354 2164 0000011251,
377 2091 484 2166 Ephee.
509 2090 545 2148 de
567 2104 654 2148 mern.
678 2097 707 2148 et
728 2104 832 2148 somno
855 2089 874 2146 1.
890 2087 962 2163 127,
986 2090 1024 2148 id.
1049 2089 1085 2149 de
1107 2097 1189 2150 motu
1210 2107 1258 2150 an.

106 2195 127 2255 1.
144 2193 208 2256 149
246 2193 295 2253 011
318 2193 374 2252 sie:
409 2180 545 2266 εἰκότως
574 2184 660 2270 μετὰ
685 2184 725 2254 τὸ
755 2185 834 2272 περὶ
853 2180 982 2275 μνήμης
1003 2225 1045 2238 --
1066 2193 1085 2251 i.
1109 2209 1134 2252 e.
1155 2185 1197 2254 τὸ
1219 2214 1257 2256 rr.

101 2315 160 2377 μν.
183 2319 212 2358 κ.
234 2288 341 2358 ὕπνου
362 2327 405 2340 ··-
429 2288 650 2360 renumeret}
673 2288 752 2379 περὶ
773 2284 866 2372 ζώω)
886 2285 1047 2378 κινήσεως
1066 2304 1122 2356 010.
1146 2301 1175 2355 01
1192 2299 1256 2356 uod.

103 2401 161 2461 mY
183 2401 261 2477 apud
283 2400 371 2459 Bcklr.
394 2417 423 2474 p.
439 2397 515 2479 419)
542 2399 600 2458 iam
626 2405 705 2472 patet
732 2413 785 2455 cur
810 2411 885 2470 quae
912 2397 949 2455 de
976 2413 1081 2458 somno
1103 2397 1133 2456 2.
1149 2395 1259 2471 455st

103 2504 179 2564 dixit
201 2503 372 2563 Aristoteles
395 2517 430 2560 ea
451 2517 486 2561 ex
509 2501 584 2584 libro
607 2499 672 2558 eins
694 2491 772 2577 περὶ
791 2487 920 2580 μνήμης
941 2497 1030 2558 citare
1051 2499 1258 2574 potneritGel-

102 2600 247 2676 11007,7
269 2602 318 2681 (de
342 2618 401 2677 qno
423 2609 501 2662 errat
523 2602 609 2661 Stahr
630 2599 718 2660 Arist.
741 2600 789 2661 hei
811 2601 868 2658 den
890 2599 1018 2660 lldmem
1041 2597 1171 2678 0137).
1206 2603 1259 2662 Se-

103 2707 222 2767 cundus
245 2713 341 2766 autern
364 2705 439 2764 liher
460 2713 506 2766 est
527 2697 606 2788 περὶ
628 2697 714 2785 ζωῆς
734 2695 791 2763 καὶ
800 2690 963 2776 θανᾶτου,
987 2703 1024 2760 ad
1035 2717 1123 2776 quem
1133 2705 1260 2778 pertinet

102 2810 195 2869 etiarn
216 2807 298 2884 quod
320 2807 514 2882 praemittitur
535 2813 623 2882 eaput
644 2805 793 2879 singulare
820 2797 898 2888 περὶ
918 2793 1183 2895 μακροβιότητος
1202 2800 1260 2870 καὶ

101 2901 365 2997 βραχυβιότητος
402 2926 521 2984 quoque
554 2925 645 2984 quum
679 2907 716 2965 de
748 2905 851 2966 morbo
878 2907 909 2964 in
940 2907 998 2965 100
1025 2906 1100 2967 lihro
1138 2909 1259 2971 minime

103 3023 261 3076 tractatum
291 3013 384 3072 luisse
411 3027 501 3086 snpra
527 3011 582 3070 iam
611 3009 719 3069 dietum
743 3007 781 3067 sit
803 3008 987 3067 concluditur
1009 3010 1105 3070 omnis
1138 3000 1260 3097 ἧπερὶ

102 3115 173 3180 τῶν
196 3107 290 3195 ζώων
309 3107 462 3194 μέθοδος
484 3111 533 3191 (de
555 3113 634 3186 long.
657 3111 706 3170 vit.
730 3117 802 3168 extr.
825 3112 862 3170 01.
886 3112 923 3170 de
944 3111 1202 3174 seusuinitAlex.
1222 3117 1259 3176 de

104 3235 201 3282 sensu
224 3215 382 3292 193100.
405 3225 435 3276 et
457 3215 583 3290 Spengel
605 3232 633 3290 p.
647 3210 732 3292 158).
777 3213 848 3272 Tota
869 3213 958 3288 igitur.
978 3213 1064 3274 nohis
1086 3216 1201 3276 anianae
1216 3218 1260 3277 hi-

104 3323 199 3383 storia
232 3322 348 3396 qualem
376 3317 512 3392 cogitarit
538 3315 714 3391 scripsitque
735 3313 907 3374 Aristoteles
935 3323 1048 3376 servato
1075 3325 1122 3377 est
1143 3319 1261 3380 unirer-

104 3441 169 3487 sam
192 3425 250 3496 illa,
273 3421 517 3498 praetermeans
540 3419 701 3478 doctrinam
725 3431 800 3490 quae
822 3418 1020 3492 metaphysica
1043 3427 1170 3481 estnon
1192 3439 1261 3482 zoo-

105 3527 212 3603 logica‚
234 3525 453 3601 psychologiam
480 3521 678 3598 physicaeqne
713 3517 916 3594 philosophiae
947 3527 1060 3595 partem
1093 3515 1260 3595 primariam

107 3629 269 3704 complexa.
314 3627 416 3701 Neque
442 3626 520 3686 enim
547 3629 625 3683 recte
648 3621 1200 3700 00010001110000101001003(0111).
1224 3626 1260 3686 dc

107 3749 156 3793 an.
179 3749 208 3807 p.
225 3727 300 3808 118)
322 3737 434 3804 partem
458 3727 604 3804 quandam
626 3724 691 3784 lihri
715 3725 752 3784 de
775 3741 865 3784 sensu
893 3739 961 3784 esse
987 3725 1144 3799 perditam,
1172 3728 1261 3788 huius

106 3838 151 3897 rei
180 3835 265 3895 culus
291 3833 405 3892 nullum
432 3831 462 3890 in
490 3830 555 3905 ipso
582 3829 657 3888 lihro
690 3827 846 3902 vestigium
874 3835 952 3888 extat
972 3827 1041 3888 inde
1062 3829 1261 3892 coniecturam

107 3947 215 4016 petens
247 3935 328 4012 qnod
361 3934 398 3994 de
420 3949 486 4008 gen.
509 3947 556 3989 an.
573 3926 639 4001 tat
662 3930 698 3988 de
719 3947 792 3991 voce
826 3946 960 4005 sonoque
986 3931 1166 4006 disputatum
1192 3947 1261 3992 esse

109 4041 187 4102 dicat
208 4048 309 4102 auctor
330 4044 360 4096 et
381 4035 411 4094 in
433 4035 508 4096 lihro
531 4034 568 4092 de
590 4031 686 4091 anima
708 4041 739 4092 et
760 4031 789 4092 in
802 4033 1038 4096 lihrodesensu.
1072 4034 1150 4092 ldcm
1163 4043 1261 4096 tamen

108 4145 139 4204 in
162 4145 181 4204 l.
205 4145 242 4204 de
265 4158 356 4204 sensu
378 4139 399 4197 4
422 4137 462 4196 10.
487 4137 523 4196 de
545 4135 599 4194 hac
622 4151 654 4194 re
676 4135 781 4194 iterum
809 4137 953 4212 explicare
975 4151 1130 4208 recusans,
1159 4153 1261 4211 qnam-

111 4261 198 4322 qnam
222 4243 338 4308 0910.
365 4237 451 4319 (439,
467 4235 496 4300 7.
514 4237 563 4298 11.
581 4236 631 4297 11.
648 4235 701 4315 16)
727 4239 766 4296 de
789 4240 927 4299 omnihus
953 4238 1143 4300 sensibilibus
1165 4239 1261 4314 qualia

110 4347 171 4408 sint
191 4347 348 4408 dicendum
371 4359 437 4405 esse
460 4343 600 4415 voluerat,
623 4342 659 4400 ad
683 4340 909 4415 disputationem
931 4341 997 4403 lihri
1014 4340 1157 4402 deanima
1170 4341 1261 4402 solam

110 4449 155 4528 (2,
169 4447 204 4530 8)
226 4450 355 4521 remittit,
380 4464 437 4522 qua
461 4445 579 4521 quidem
601 4445 667 4504 loco
691 4443 728 4503 de
750 4443 837 4504 variis
849 4444 915 4504 soni
928 4443 1099 4507 differentiis
1111 4443 1196 4522 (420,
1208 4442 1262 4521 26)
