3036 5164
799 355 839 416 92

245 523 270 583 61
294 523 390 584 onmia
414 531 513 584 essent
534 522 645 582 infinita
668 536 723 580 nec
746 539 886 584 natueros
910 524 1051 582 haherent
1070 539 1117 582 res
1141 539 1237 598 neque
1260 521 1408 597 cognosci

245 625 405 700 quidquam
428 633 530 700 posset
553 625 593 701 (6.
611 620 660 684 58.
678 623 740 684 111
757 624 803 704 Β.)
833 641 930 700 neque
962 632 1041 685 esset
1075 625 1172 698 ipsum
1202 617 1240 686 cd
1273 614 1408 705 γνωσό-

242 745 342 805 μενον
369 729 387 786 1.
411 744 436 786 6.
471 717 491 811 ἡ
519 723 639 810 γνῶσις
666 727 707 803 (6.
723 725 764 786 49
782 727 835 804 n).
885 729 962 786 llaec
993 742 1061 785 vcro
1091 742 1150 784 non
1181 728 1281 786 minus
1310 743 1407 801 quarn

245 831 379 905 16661116
401 831 438 888 de
460 847 557 891 rerum
581 847 618 888 cx
641 829 712 889 liniti
735 837 764 888 et
785 829 890 889 infiniti
907 829 1409 888 rnixtioneetharmoniaconstan-

245 933 318 991 tium
341 932 498 1006 disputatio
523 931 563 1007 (p.
579 930 620 993 15
635 933 665 991 B.
690 946 765 1006 quae
781 937 813 988 ut
828 931 924 990 omnis
939 947 1128 990 numerorum
1140 933 1217 1005 apud
1233 931 1408 990 Platonicos

246 1035 377 1094 doctrina
399 1037 598 1111 metaphysica
619 1051 636 1092 6
658 1032 786 1092 Platonis
802 1032 923 1092 Philebo
937 1035 1076 1107 pendent
1100 1035 1184 1092 cuius
1197 1035 1232 1091 cl.
1243 1050 1271 1107 p.
1283 1031 1405 1106 16sqq.

245 1135 296 1196 18.
310 1135 445 1196 23ω26.
460 1135 502 1198 30
515 1137 572 1215 66.)
597 1136 703 1213 mirum
719 1142 859 1208 quantum
872 1135 980 1194 distant
991 1151 1007 1194 a
1019 1135 1268 1210 Pythagoreorum
1281 1136 1406 1208 qualem

246 1241 373 1300 ostendit
403 1238 573 1298 Aristoteles
608 1239 740 1312 simplice
774 1237 872 1295 indole
906 1245 933 1297 ct
965 1237 1030 1296 rudi
1058 1237 1087 1295 in
1117 1236 1303 1320 philosophia
1332 1243 1361 1294 et
1388 1251 1406 1292 a

245 1341 403 1400 dialecticis
426 1339 693 1415 metaphysicisqnc
714 1340 803 1398 rebus
826 1339 1032 1412 remotissima,
1055 1355 1111 1397 nec
1132 1340 1168 1396 de
1190 1339 1311 1398 Platone
1324 1338 1406 1396 diffi-

246 1445 374 1502 dendum
403 1449 449 1500 est
475 1441 523 1515 qni
552 1457 584 1500 se
612 1457 729 1514 semper
756 1441 921 1502 dialecticae
943 1441 1093 1500 doctrinae
1115 1441 1305 1515 methodiquc
1328 1441 1347 1500 i.
1373 1457 1404 1499 c.

245 1546 377 1604 idearum
400 1546 560 1602 sententiae
583 1557 642 1601 non
666 1543 729 1601 sine
752 1543 858 1617 gaudio
881 1543 1061 1604 inventorem
1084 1542 1403 1618 61661166116166611.

245 1643 455 1722 2591661611
480 1660 655 1718 quamquam
678 1652 711 1703 ut
732 1645 772 1704 ait
795 1660 894 1705 revera
918 1661 977 1706 non
1000 1654 1045 1705 est
1067 1660 1143 1704 nova
1158 1661 1254 1720 neque
1273 1631 1405 1728 ἤρξατο

224 1745 311 1827 νῦν,
334 1749 386 1808 sed
410 1762 528 1821 semper
550 1746 611 1818 luit,
638 1746 820 1820 primaevum
843 1746 890 1805 dei
912 1763 1020 1806 munus
1044 1747 1171 1806 hominis
1194 1747 1299 1808 rationi
1322 1747 1405 1810 indi-

245 1859 307 1912 tum
341 1865 399 1924 quo
433 1849 518 1908 inscii
551 1850 597 1908 nsi
630 1856 699 1908 sunt
730 1849 749 1907 11
777 1847 826 1923 qui
854 1848 941 1921 primi
967 1851 1071 1909 artium
1097 1851 1292 1909 humanarum
1319 1851 1405 1909 velut

245 1951 449 2028 grammaticae
472 1950 602 2010 musicae
625 1953 706 2010 luere
728 1951 896 2009 inventores
919 1983 960 1992 -
982 1952 1013 2010 hi
1035 1951 1113 2011 enim
1136 1951 1165 2009 id
1182 1951 1260 2024 quod
1279 1951 1308 2010 in
1321 1951 1402 2010 libro

245 2056 282 2114 de
308 2053 498 2128 Pythagoreis
531 2052 655 2126 exposui
689 2059 758 2110 sunt
789 2040 994 2114 6111616161
1022 2053 1085 2126 isti,
1119 2068 1179 2111 non
1207 2035 1283 2126 quos
1310 2054 1402 2126 plene

245 2159 372 2218 absurda
394 2163 526 2214 retemm
551 2153 750 2228 interpretatio
778 2153 862 2211 linxit
892 2153 1064 2230 Pythagorei
1095 2153 1160 2213 eins
1187 2156 1335 2228 aequales,
1361 2156 1400 2216 cl.

244 2263 330 2321 etiam
353 2273 428 2332 quoe
451 2256 539 2316 huius
560 2254 617 2312 loci
641 2254 725 2328 quasi
741 2255 981 2314 commentarium
1002 2257 1153 2316 continent
1174 2257 1244 2316 Plat.
1260 2257 1399 2330 Epinom

244 2361 307 2424 976
323 2368 394 2421 extr.
413 2367 441 2418 et
453 2375 517 2432 sqq.
541 2375 596 2414 -ε
624 2371 730 2430 nempe
758 2371 861 2416 omnes
888 2364 966 2418 artes
992 2365 1024 2416 ut
1051 2359 1114 2432 ipsa
1141 2367 1244 2418 natura
1271 2366 1300 2418 ct
1326 2374 1401 2420 vera

243 2465 400 2524 methodus
423 2463 478 2520 hae
501 2459 659 2520 deliniendi
686 2459 770 2533 quasi
792 2459 972 2518 arithmetica
993 2460 1139 2535 nituntur,
1168 2469 1346 2536 quapropter
1369 2469 1400 2518 61

242 2556 431 2648 μαθήματα
459 2579 533 2637 qnae
561 2561 679 2635 proprie
701 2561 740 2618 ita
762 2567 902 2620 vocantur
923 2558 971 2637 (61.
997 2563 1068 2622 Xan.
1093 2565 1211 2622 Memor.
1229 2565 1259 2637 1,
1275 2562 1309 2640 7)
1333 2577 1396 2622 666.

242 2668 372 2730 Platonis
398 2665 490 2744 rerha
513 2664 543 2722 in
565 2663 725 2738 Republica
752 2669 781 2722 et
807 2663 872 2739 ipsa
897 2670 1000 2740 postea
1022 2667 1210 2741 Pythagoreis
1234 2666 1308 2724 male
1332 2661 1399 2722 vin·

238 2772 336 2830 dicata
369 2765 501 2844 (propter
528 2767 583 2824 loc.
617 2783 658 2825 se.
688 2767 724 2825 de
751 2765 823 2839 ch.
850 2783 879 2840 6.
901 2763 961 2826 519
981 2789 1016 2818 =
1036 2767 1123 2828 Arist
1147 2768 1184 2826 de
1207 2769 1289 2826 coelo
1310 2763 1339 2839 2,
1360 2765 1396 2844 9)

242 2873 350 2948 gradus
373 2869 500 2930 suntad
523 2883 588 2927 eam
610 2885 685 2942 qnae
708 2867 744 2926 iis
765 2867 844 2926 inest
866 2869 1055 2942 dialecticam,
1079 2870 1146 2930 licet
1168 2869 1218 2944 qni
1234 2867 1398 2943 easpossi-

242 2977 312 3035 dent
334 2989 367 3032 se
389 2968 569 3031 dialecticam
592 2970 685 3043 ipsam
707 2969 861 3042 possidere
884 2970 940 3044 ipsi
964 2987 1023 3029 non
1045 2971 1171 3030 videant.
1217 2971 1274 3030 Sed
1290 2971 1397 3030 redea-

241 3090 308 3140 mus
331 3075 368 3133 61
390 3078 539 3132 auctorem
564 3072 600 3129 de
621 3071 731 3128 mundo
755 3071 887 3145 duasque
913 3071 978 3130 illas
1001 3073 1233 3147 mancipantes,
1256 3090 1330 3147 quae
1351 3071 1396 3130 116

242 3176 450 3239 describuntur
481 3180 515 3230 ut
547 3172 635 3230 altera
669 3171 706 3230 sit
733 3171 814 3246 regio
848 3174 999 3249 coelestia,
1034 3193 1121 3249 quam
1150 3176 1305 3251 Olympum
1332 3153 1395 3234 666.

240 3281 398 3338 Homerum
426 3274 552 3348 appellat
578 3274 652 3332 liber
679 3275 715 3332 de
741 3277 851 3334 mundo
874 3273 980 3349 400,7
1003 3277 1039 3336 61.
1053 3275 1140 3338 3971)
1157 3275 1198 3338 26
1226 3277 1302 3336 61661
1322 3277 1396 3334 Par-

240 3379 374 3439 menides
397 3394 423 3435 v.
443 3374 504 3435 141
528 3371 576 3452 (ct.
600 3375 861 3448 916111616977.
885 3378 1055 3437 Xenocratis
1079 3377 1125 3437 dei
1149 3378 1274 3454 Olympii
1297 3385 1326 3436 et
1346 3377 1397 3436 Ti-

240 3481 310 3542 tanii
333 3479 456 3539 llrischc
479 3474 680 3538 1616611318.
705 3479 785 3538 Stoh.
810 3480 862 3538 661.
882 3477 911 3554 1,
929 3476 969 3538 62
992 3489 1021 3540 61
1042 3481 1252 3555 Neo-Orphica
1280 3482 1330 3540 illa
1351 3481 1396 3564 γῆ

237 3571 390 3662 ὀλυμπία
411 3583 481 3641 1666
501 3581 618 3639 Loheolr
639 3580 702 3654 Agl.
716 3579 779 3642 500
793 3603 829 3632 =
842 3581 916 3640 Phil.
930 3579 992 3642 130
1004 3584 1035 3641 Β.
1059 3617 1100 3624 -
1123 3591 1177 3642 661.
1194 3584 1230 3642 61.
1248 3585 1284 3644 de
1300 3600 1393 3652 sensu

239 3687 320 3746 vario
342 3685 423 3744 vocis
447 3670 585 3764 οὐρανός
607 3682 694 3742 Α1161.
718 3685 754 3741 dc
776 3686 860 3743 coelo
878 3683 907 3757 1.,
925 3683 954 3745 9.
972 3682 1073 3764 2781))
1097 3694 1125 3746 61
1146 3685 1310 3760 Philolaus,
1333 3686 1392 3746 nisi

240 3789 320 3862 quod
342 3786 389 3844 hic
412 3785 504 3843 solam
527 3783 567 3841 ita
591 3776 651 3864 τὴν
673 3772 807 3868 ἀπλανῆ
834 3787 944 3846 dixisse
972 3802 1071 3846 errore
1094 3789 1159 3846 sinc
1181 3787 1270 3845 dubio
1291 3789 1394 3861 perhi-

238 3891 325 3950 betur
358 3887 462 3945 eodcm
489 3883 553 3944 soil.
586 3901 644 3958 quo
672 3886 874 3946 Parmeniden
904 3889 1085 3962 posteriores
1118 3897 1312 3963 corruperunt
1339 3887 1391 3965 (61.

239 3991 363 4050 llarsten
393 3987 526 4046 Parmen.
550 3983 612 4046 251
632 4002 696 4060 sqq.
731 4003 828 4060 neque
861 3990 939 4049 enim
972 3997 1052 4048 recte
1085 3991 1242 4063 disputavit
1267 3991 1392 4051 Krische

239 4093 357 4153 Forsch.
375 4086 438 4148 111
453 4090 531 4164 sqq.)
559 4095 589 4147 et
610 4088 807 4162 Neoplatonioi
835 4091 987 4150 cuiusdam
1021 4093 1165 4151 narrantis
1188 4093 1287 4167 culpa,
1316 4095 1394 4154 sicut

239 4195 337 4268 ipsum
366 4190 459 4265 magis
488 4191 574 4249 docet
596 4189 744 4249 dividendi
772 4193 901 4251 studium
931 4209 1017 4268 quam
1048 4193 1096 4252 illa
1123 4186 1395 4276 φιλομετάβολος

238 4287 367 4376 γένεσις
393 4291 442 4370 (ol.
467 4293 560 4350 Procl.
584 4293 634 4352 lh.
659 4291 786 4366 61259.
806 4292 877 4356 353.
901 4297 973 4354 Tim.
990 4293 1076 4356 2936
1103 4305 1131 4355 61
1154 4313 1241 4374 66666
1263 4292 1305 4360 τὰ
1328 4319 1392 4360 rto-

237 4384 450 4472 λνμετᾶβολα
473 4394 545 4454 Plnt.
570 4396 606 4453 de
628 4397 768 4472 psychog.
792 4395 1201 4473 Τ116.25.6611.11166.617.
1219 4401 1392 4475 Hippodam.
