3036 5164
668 373 731 441 lob

119 549 234 608 tissima
262 555 291 609 et
317 552 352 612 ad
380 557 481 610 nostro
515 565 609 625 usque
643 553 742 611 secula
777 553 916 627 singulari
949 561 1123 628 persecutus
1152 555 1216 625 est,
1249 557 1278 614 et

118 660 294 726 persecutus
328 660 373 711 est
406 654 545 738 continua
579 654 751 728 scriptione,
787 656 815 714 id
854 658 933 730 quod
967 672 1056 730 quum
1090 659 1180 716 ferret
1212 656 1277 729 ipse

118 745 330 838 προαίρεσις,
364 765 393 814 et
414 756 607 830 singularium
633 757 763 830 partium,
787 759 897 817 mutuis
919 760 1183 834 frequentibusque
1206 757 1277 816 cita·

117 858 250 917 tionibus
273 859 406 932 ipsisque
432 860 572 918 librorum
602 860 742 918 clausulis
764 863 979 935 comprobatur.
1024 862 1118 937 Atque
1141 877 1217 937 quae
1240 861 1277 920 de

118 961 295 1018 animalibus
318 970 408 1036 agunt
429 962 508 1021 zoica
522 956 612 1043 (περὶ
625 957 744 1045 ζωϊκῆς
756 953 900 1046 φύσεως)
923 966 1029 1039 scripta
1042 973 1074 1023 ut
1084 964 1276 1039 physicorum

117 1064 250 1122 emulum
274 1072 420 1137 postrema
445 1072 523 1137 sunt,
546 1066 585 1124 ita
608 1067 653 1124 bis
676 1066 749 1140 ipsis
766 1067 873 1141 quibus
891 1067 1004 1141 pridem
1021 1066 1155 1126 stabilitis
1171 1065 1275 1139 logicis

116 1166 259 1226 scientiae
284 1168 548 1242 metaphysicisque
572 1169 682 1227 entium
705 1169 857 1243 principiis
876 1184 925 1227 res
949 1169 1073 1227 inaximo
1085 1169 1275 1243 particulares

118 1265 161 1341 (at
183 1276 267 1328 entes
289 1277 386 1328 umen
410 1278 439 1328 et
460 1271 495 1328 ab
520 1273 710 1356 humanarum
734 1287 832 1330 rerum
850 1272 969 1330 arbitrio
981 1272 1103 1344 alienas)
1122 1269 1275 1342 uroplcxus

118 1379 164 1428 cst
186 1370 381 1445 philosophus
404 1372 434 1429 in
458 1360 615 1453 ἀπειρίας
638 1362 762 1434 πόντον
784 1375 868 1448 quasi
885 1375 1049 1445 demersus,
1073 1374 1193 1432 omnino
1210 1372 1274 1430 eius

117 1479 147 1530 ct
168 1473 266 1532 studia
289 1481 318 1532 ct
340 1475 449 1548 scripto
470 1475 547 1535 tirrici
567 1477 655 1535 credo
678 1476 754 1535 inter
774 1477 857 1551 ipsos
873 1477 1042 1535 animalium
1058 1478 1150 1535 libros
1166 1473 1274 1549 quibus

117 1575 250 1634 ultimam
273 1591 389 1635 omnem
413 1577 488 1636 vitae
511 1587 622 1652 purtem
644 1579 787 1653 impendit
813 1588 925 1638 matura
952 1595 1005 1654 pro
1033 1577 1165 1638 consiliis
1190 1575 1275 1634 insti·

118 1677 250 1752 tutisque
271 1687 365 1738 niorto
389 1680 509 1753 abrepti.
555 1681 658 1740 Ornnis
681 1682 769 1756 igitur
791 1683 932 1741 libroruin
956 1683 1020 1740 eins
1044 1681 1137 1740 series
1161 1679 1217 1738 iam
1236 1678 1275 1736 ita
1360 1678 1363 1684 '

116 1780 312 1840 describenda
335 1787 381 1840 est
403 1791 434 1841 ut
456 1783 559 1856 logicis
581 1784 684 1858 primis
707 1785 802 1844 inedia
829 1785 945 1859 politica
974 1784 1153 1857 coniungant
1173 1780 1274 1840 ultima

120 1899 196 1956 quac
228 1884 321 1956 ipsam
353 1884 429 1942 entis
463 1892 596 1944 naturam
630 1895 764 1960 spectant
795 1888 916 1962 physica
950 1903 1016 1946 cum
1049 1882 1273 1958 metaphysicis,

120 1991 201 2045 outo
228 1986 447 2059 disciplinarum
481 1987 584 2047 ordine
617 2001 765 2064 quemque
791 1990 820 2048 in
848 1989 941 2062 ipsam
969 1987 1173 2064 philosophiae
1202 1985 1275 2044 divi·

118 2088 233 2163 sionem
257 2105 292 2147 ex
315 2089 480 2149 Arismtclis
503 2097 534 2149 ut
555 2097 635 2164 patet
657 2093 791 2166 exemplo
816 2089 864 2166 (el.
889 2093 1056 2165 ctiamTop.
1071 2090 1100 2162 l,
1113 2088 1164 2148 14.
1181 2088 1275 2146 Zellcr

117 2187 237 2262 2,395.
277 2208 335 2250 nou
360 2193 506 2252 assentior
528 2194 682 2253 Brundisio
704 2195 792 2254 Arist
816 2192 846 2264 l,
863 2193 939 2254 141:
974 2195 1022 2253 Ar.
1046 2194 1125 2252 onim
1148 2192 1274 2264 Motoph.

118 2291 254 2366 5,1eu.
279 2311 337 2353 non
360 2296 564 2370 philosophiae
591 2299 643 2356 sed
667 2298 807 2357 scientiae
828 2297 1003 2356 divisionem
1030 2305 1059 2354 ct
1080 2295 1175 2369 ipsius
1198 2289 1275 2355 dcu-

117 2386 212 2469 νοίας
245 2397 354 2456 lorinus
388 2398 533 2456 actionem
566 2415 607 2458 sc.
643 2407 672 2458 et
699 2408 790 2458 artem
822 2408 851 2459 ct
876 2399 1091 2474 philosophiam
1121 2391 1275 2472 spectavit)

116 2508 269 2560 venerunt
291 2500 381 2560 Stoici
405 2501 452 2576 (cf.
469 2502 501 2559 b.
520 2503 551 2559 L.
569 2497 598 2573 7,
615 2501 657 2562 lo
673 2509 726 2560 etc.
751 2503 843 2561 llitter
858 2499 887 2575 3,
905 2500 966 2561 519
978 2501 1068 2577 sqq).

201 2603 263 2660 Jarn
276 2618 345 2662 vero
358 2605 529 2676 gravissima
545 2604 624 2662 subit
636 2605 779 2678 quaestio,
804 2622 862 2678 quo
875 2605 991 2664 tandem
1003 2611 1135 2677 tempore
1148 2601 1275 2676 scriptos

116 2722 185 2766 csse
197 2713 334 2779 putemus
345 2707 437 2765 libros
446 2708 483 2765 do
492 2706 586 2780 primo
595 2705 789 2780 philosophia.
807 2707 980 2766 Incredibile
989 2706 1067 2764 enirn
1077 2706 1193 2764 videtur
1203 2703 1275 2763 illud

117 2811 199 2882 quod
221 2809 287 2882 ipso
310 2809 574 2884 Metapbysicorum
601 2807 720 2868 nomine
746 2809 849 2866 volunt
875 2816 1120 2866 coiumcntatores
1148 2806 1208 2864 veri
1231 2819 1273 2864 sc.

117 2912 173 2970 loci
201 2911 370 2970 inveniendi
405 2910 610 2985 desperatione
643 2910 735 2983 magis
770 2927 856 2984 quam
885 2910 997 2970 ratione
1020 2909 1099 2969 ducti
1133 2905 1181 2983 (ol.
1206 2908 1273 2968 Sch.

117 3013 207 3072 liavid
223 3009 275 3086 30,
292 3013 334 3074 20
349 3021 403 3072 etc.
427 3015 538 3072 nonin.
563 3012 674 3083 Corum..
698 3031 726 3088 p.
744 3009 792 3090 5),
827 3027 877 3072 eas
904 3029 952 3074 res
980 3013 1088 3086 quibos
1121 3011 1275 3069 universae

116 3116 257 3191 physicae
284 3124 313 3174 ct
340 3116 438 3174 zoicoc
466 3115 614 3173 doctrinae
646 3116 813 3174 tractandae
841 3116 998 3176 methodus
1026 3129 1083 3188 qua
1111 3113 1275 3172 moximca

116 3219 267 3293 prioribus
291 3217 385 3276 differt
408 3217 509 3276 nititur
531 3232 665 3290 quasque
693 3218 780 3292 longe
802 3225 887 3276 antea
910 3226 960 3277 aut
982 3218 1079 3292 potius
1102 3217 1276 3292 priusquam

116 3321 238 3380 omnino
262 3321 373 3394 aliquid
400 3320 508 3392 scripto
537 3320 617 3384 daret
646 3329 744 3379 mente
767 3329 846 3380 certe
869 3327 898 3380 el
920 3319 1096 3392 cogitatione
1118 3326 1275 3392 conceptas

115 3440 175 3482 oon
204 3425 302 3482 solum
335 3423 388 3480 sed
422 3422 584 3481 elaboratas
619 3423 706 3481 etiam
739 3455 781 3466 -
811 3423 840 3480 id
869 3423 948 3496 quod
976 3423 1038 3478 lere
1065 3437 1124 3478 non
1152 3421 1183 3478 fit
1210 3420 1275 3480 sine

116 3527 222 3586 litteris
245 3557 286 3568 —
313 3524 405 3582 luisse
438 3524 671 3598 aequalibusque
705 3532 734 3584 et
767 3525 919 3598 discipulis
946 3530 975 3580 et
1001 3524 1133 3596 cognitas
1159 3522 1218 3580 iam
1247 3525 1276 3580 et
1373 3571 1375 3575 .

115 3629 263 3689 admissas
286 3643 409 3686 neccsse
432 3635 490 3700 est,
518 3633 580 3684 tum
607 3628 725 3686 denium
749 3628 823 3686 libro
851 3625 1000 3700 expositas
1029 3641 1097 3684 esse
1126 3641 1217 3698 quum
1245 3624 1275 3683 in

117 3730 311 3805 singularium
334 3738 455 3788 naturae
478 3745 577 3788 rerum
600 3745 705 3788 causus
727 3728 919 3802 inquirendas
943 3728 1041 3786 studia
1056 3727 1276 3788 eiusabiissent

118 3833 279 3893 doctrinam
309 3833 401 3906 magis
429 3847 515 3905 quam
539 3831 755 3906 philosophiam
779 3831 996 3903 promoventia,
1025 3847 1075 3890 eas
1103 3831 1275 3905 praesertim

116 3953 164 3996 res
188 3942 319 4010 quaeat
339 3933 466 4006 primurn
489 3933 674 3993 stabiliantur
695 3947 800 3991 omnes
817 3933 885 4006 lero,
909 3934 989 3992 velut
1004 3934 1185 3992 substantiae
1200 3947 1276 3991 nova

117 4038 248 4098 definitio
271 4038 440 4108 lonnaoque
467 4037 529 4096 sive
555 4037 638 4096 ideae
666 4043 695 4094 el
716 4045 813 4107 actus,
841 4036 983 4095 acerrimo
1009 4051 1069 4092 non
1091 4042 1151 4092 tam
1173 4041 1276 4092 contra

116 4142 268 4200 Platonem
292 4139 449 4196 conamine
471 4154 560 4212 quarn
580 4147 681 4198 contra
698 4155 823 4198 coaevos
839 4138 1015 4206 Platonicos,
1039 4153 1165 4208 quorum
1176 4143 1274 4193 muron

117 4252 149 4302 ut
172 4241 332 4303 viveritiunr
355 4249 385 4298 ct
406 4241 567 4300 amicorum
590 4249 705 4315 praetor
727 4241 927 4316 Speusippum
954 4248 1024 4299 tuuc
1046 4239 1103 4295 iam
1126 4245 1276 4296 mortuum

118 4346 238 4409 nomina
260 4358 318 4402 non
343 4343 434 4416 ponit,
458 4343 544 4417 quasi
567 4351 780 4417 expugnantur.
826 4344 908 4412 Quae
931 4343 956 4401 si
968 4348 1087 4414 reputas
1100 4339 1273 4414 aptissimus

116 4448 240 4510 bruun
264 4446 529 4522 Metaphpsicorum
557 4448 640 4506 loeus
670 4446 766 4506 statim
789 4453 858 4522 post
879 4445 1029 4522 analytica
1051 4459 1119 4532 esse
1141 4443 1273 4504 videatur
