3024 5162
672 321 734 386 231

118 482 160 550 τὸ
185 481 270 573 πρός
292 513 325 553 τι
347 483 483 556 πάντων
505 487 623 578 ἥκιστα
646 485 746 580 φύσις
767 515 818 570 τις
840 484 861 581 ἢ
883 487 981 560 οὐσία
995 494 1061 558 τῶν
1075 493 1277 578 κατηγοριῶν

118 586 192 654 ἐστὶ
213 588 270 656 καὶ
292 585 412 680 ὑστέρα
433 595 493 660 τοῦ
515 595 618 660 coion
641 593 697 660 καὶ
719 597 828 662 ποσοῦ
851 601 1073 674 eonsentialquc
1094 598 1162 658 huic
1182 598 1276 658 ordini

117 703 150 754 et
170 697 404 774 Pseudarchytas
439 701 488 774 qui
523 702 711 778 Peripatetica
743 703 875 762 doctrina
905 703 1016 762 ordinis
1043 710 1140 762 tamen
1166 701 1277 760 ratione

117 801 187 858 data
209 817 282 860 usus
307 809 352 860 est
374 803 424 873 (el.
442 803 475 860 ln.
492 799 534 864 30
550 805 628 864 Hart.
646 805 712 864 Sch.
731 803 795 864 66h
812 804 877 880 17)
909 807 1016 865 Contra
1030 805 1109 865 illins
1124 803 1275 876 scriptoris

116 904 269 975 quomodo
304 903 419 978 singula
453 921 562 978 genera
594 909 630 964 ad
659 908 852 967 substantiam
886 910 1052 968 referuntur
1085 907 1170 977 (sunt
1197 903 1275 962 enim

116 993 320 1084 σιμβάματα
349 1004 492 1087 φυσικοῖς
519 998 636 1082 οὐσίας
663 1003 720 1070 καὶ
752 1008 943 1090 σωματικᾶς
972 1010 1056 1071 dreh.
1091 1008 1125 1064 fr.
1140 1005 1182 1066 46
1205 1009 1223 1064 i.
1248 1021 1273 1064 e.

117 1097 351 1189 συμβεβηκότα
383 1108 470 1168 Arist.
498 1110 580 1170 Anni.
608 1120 685 1185 post
709 1111 739 1186 1,
763 1114 812 1172 22.
846 1117 883 1174 cl.
908 1113 1008 1186 Simpl.
1038 1111 1104 1170 Sch.
1128 1105 1194 1166 dnn
1217 1104 1274 1180 28)

116 1211 323 1284 qrraestionem
345 1212 573 1286 metaphysioam
595 1215 682 1287 plane
705 1216 880 1290 negligentis
902 1215 994 1272 multo
1017 1210 1110 1284 magis
1135 1210 1270 1271 intererat

115 1320 150 1370 ut
177 1314 388 1387 categoriarum
417 1313 599 1388 singularum
626 1318 767 1376 amhitum
794 1319 969 1393 speciesque
996 1313 1175 1372 describeret
1201 1313 1274 1372 divi-

115 1415 258 1487 deretque
281 1416 378 1474 studio
402 1415 552 1476 dialectieo
576 1433 611 1476 ea
626 1428 776 1493 spectante
791 1435 866 1494 quae
883 1409 1014 1499 λέγεται
1030 1431 1088 1474 non
1102 1431 1177 1490 qnae
1193 1423 1271 1474 sunt.

114 1515 280 1574 inventoris
303 1525 400 1576 autem
423 1526 485 1577 erat
500 1519 642 1578 rationem
660 1523 817 1579 ostendere
829 1528 857 1580 el
868 1517 1128 1588 necessitudinem,
1150 1516 1181 1576 id
1193 1516 1272 1590 quod
1375 1561 1380 1570 .

114 1633 208 1691 quum
242 1634 338 1692 neque
364 1618 537 1679 Aristoteles
570 1623 671 1682 lecerit
703 1622 813 1696 ubique
847 1629 876 1680 et
902 1622 948 1679 vel
980 1620 1011 1679 in
1040 1619 1156 1692 Topicis
1180 1617 1225 1690 (1,
1242 1618 1271 1678 9.

114 1717 146 1790 4,
169 1716 188 1778 1
209 1721 280 1792 ιιι.)
314 1719 423 1780 divisas
456 1722 520 1782 illas
553 1725 629 1782 entis
663 1725 824 1799 categorias
857 1715 932 1796 (τὰς
958 1713 1158 1804 διῃρημένος
1184 1723 1272 1794 κατ.)

120 1829 220 1896 utpote
242 1821 271 1881 in
297 1823 400 1895 vulgus
424 1831 508 1882 notas
542 1827 649 1898 quibus
681 1828 710 1884 in
735 1826 903 1886 definiendo
924 1822 1033 1897 passim
1058 1829 1155 1881 utatur
1177 1823 1273 1896 (velut

116 1922 148 1981 in
171 1930 266 1982 motus
300 1924 489 2000 generibus),
524 1927 563 1984 ila
589 1929 733 1986 adhibens
756 1936 788 1987 ut
814 1942 911 2001 neque
945 1938 1068 1984 numero
1101 1924 1271 1996 dignitatem

117 2025 226 2084 tribuat
246 2025 303 2085 nisi
325 2028 405 2100 quod
429 2036 541 2087 eertum
564 2031 711 2103 quendam
733 2047 800 2090 esse
824 2031 933 2088 dehere
955 2026 1097 2085 concedat
1112 2026 1180 2098 (dn.
1193 2035 1269 2100 post.

116 2126 146 2202 1,
163 2126 221 2200 22)
244 2143 298 2188 nec
320 2146 450 2203 unquam
474 2131 583 2190 diserte
611 2131 767 2206 deditaque
790 2148 880 2206 opera
900 2131 938 2189 de
960 2129 1018 2188 illis
1040 2129 1176 2202 loquatur
1198 2128 1270 2200 (nisi

114 2232 190 2289 forte
213 2229 243 2288 in
267 2231 531 2308 llletaphysicorum
554 2240 657 2307 quarto
681 2236 826 2309 perdito),
853 2235 922 2292 licet
948 2233 984 2290 de
1006 2229 1131 2304 singulis
1158 2245 1196 2288 ex
1217 2246 1271 2288 sua
1375 2255 1380 2262 ·

112 2333 227 2392 ratione
261 2334 434 2408 saepissime
467 2344 593 2409 exponat
626 2337 721 2408 (velut
749 2339 785 2395 de
812 2337 891 2410 quali
911 2337 998 2409 Phys.
1015 2329 1045 2403 5,
1062 2331 1091 2390 1.
1119 2333 1155 2390 de
1178 2334 1271 2392 relato

113 2437 180 2494 llet.
203 2431 301 2507 1.3,1.
335 2437 374 2496 ila
400 2437 430 2494 in
452 2437 586 2512 Physicis
614 2439 774 2512 explicatur
805 2431 843 2498 τὸ
878 2435 990 2498 ποιεῖν
1023 2441 1052 2492 et
1077 2425 1218 2509 πάσχειν
1241 2441 1269 2492 ιι

112 2547 210 2598 cetera
241 2538 353 2612 passim
386 2539 483 2598 omnia
518 2555 592 2613 quae
625 2540 654 2598 in
690 2538 851 2612 categorias
883 2539 949 2596 illas
981 2534 1118 2606 eadunt),
1160 2535 1268 2592 nedum

112 2641 270 2716 scripsisse
293 2641 433 2715 peculiari
454 2648 576 2700 tractatu
599 2641 743 2716 significet
755 2640 806 2712 (cl.
821 2639 947 2713 Spengel
959 2655 987 2712 p.
1000 2633 1041 2696 39
1054 2643 1155 2694 eontra
1166 2635 1267 2695 Waltz.

113 2743 144 2820 1,
160 2744 249 2817 266),
283 2744 474 2818 apriorihus
499 2743 684 2817 philosophis
714 2743 731 2799 i.
755 2759 780 2800 e.
804 2739 959 2798 Platonicis
992 2738 1048 2796 iam
1083 2736 1192 2796 divisas
1218 2753 1269 2796 eas

112 2847 202 2908 simili
225 2846 421 2905 serenatione
443 2845 594 2920 accepisse
615 2844 787 2917 intelligitur
809 2859 867 2917 qna
888 2841 918 2900 in
941 2840 1005 2899 aliis
1029 2854 1147 2913 quoque
1167 2840 1269 2913 dispu-

111 2950 272 3010 tationibus
295 2947 469 3022 saepissime
492 2965 509 3006 a
531 2949 748 3008 Platonicorum
775 2943 995 3004 definitionibus
1017 2949 1157 3016 tanquam
1179 2960 1195 3002 a
1217 2961 1269 3019 pa-

112 3061 175 3112 rata
197 3053 323 3127 quadam
352 3065 423 3110 suae
451 3052 537 3109 aetati
565 3048 770 3126 philosophiae
802 3046 923 3105 materia
948 3045 1093 3104 exoterica
1120 3047 1269 3120 proiectus

112 3163 173 3215 est:
196 3155 237 3213 ita
258 3155 337 3214 enim
358 3153 533 3227 peremnia
554 3153 663 3226 ubique
686 3153 746 3210 lere
759 3149 865 3224 Topica
888 3148 1044 3208 Platonicis
1067 3148 1268 3220 definitionum

113 3273 189 3332 quas
216 3258 382 3316 examinare
415 3255 500 3312 docet
527 3255 670 3329 exemplis
699 3254 791 3313 utitur
817 3252 868 3324 (cl.
893 3267 918 3310 e.
942 3269 984 3325 gr.
1000 3251 1030 3322 4,
1047 3247 1076 3311 5.
1094 3250 1123 3325 6,
1140 3251 1160 3311 2
1175 3255 1268 3328 sup),

112 3359 153 3418 ita
180 3359 308 3418 hominis
341 3357 390 3415 illa
417 3355 586 3416 definitione
619 3373 673 3431 per
699 3370 803 3414 omnes
829 3354 920 3412 lihros
948 3352 1185 3427 frequentissima
1206 3358 1270 3416 ani-

93 3533 98 3542 ,
113 3478 238 3536 maeque
249 3460 376 3536 partium
391 3457 561 3516 nominihus
573 3458 736 3518 notissimis
752 3457 804 3529 (cl.
818 3457 886 3529 Top.
900 3453 1034 3527 129,11.
1048 3451 1120 3528 138,
1132 3453 1173 3517 33
1187 3460 1268 3532 ιιι),

111 3566 153 3624 ita
174 3564 239 3624 aliis
261 3563 373 3638 passim
395 3560 496 3618 multis
519 3562 598 3619 velut
620 3561 650 3620 in
671 3561 758 3636 Phys.
776 3557 805 3633 6,
821 3558 849 3617 2.
867 3555 939 3630 232,
952 3554 993 3618 27
1016 3548 1174 3643 καθάπερ
1198 3549 1265 3642 ὅρι’-

112 3656 228 3744 {onai
247 3683 359 3736 τινες
380 3655 419 3726 τὸ
442 3659 570 3726 θᾶττον
592 3664 644 3738 (ci.
667 3665 755 3739 Phys.
771 3658 844 3734 267,
860 3658 901 3720 16
918 3662 998 3735 ιιι),
1027 3662 1066 3721 ita
1089 3663 1216 3737 denique
1238 3665 1269 3723 in

111 3770 187 3844 ipsis
222 3766 384 3842 Cetegoriis
411 3765 577 3826 Platonicos
610 3765 719 3826 diserte
751 3763 872 3838 respicit
904 3769 1019 3824 auctor:
1053 3765 1270 3824 Platonicomm

112 3871 192 3932 enim
215 3870 345 3930 delinitio
369 3876 415 3928 est
436 3869 649 3928 contrariorum
675 3870 762 3926 haec:
788 3859 830 3928 τὰ
851 3859 913 3948 γὰρ
935 3860 1094 3928 πλεῖστον
1115 3857 1269 3952 ἀλλήλων

111 3961 309 4056 διεστηκότα
330 3967 397 4032 τῶν
418 3962 453 4032 ἐν
473 3967 518 4054 τῷ
541 3960 629 4053 αὐτῷ
649 3961 737 4050 γένει
759 3960 891 4031 ἐναντία
903 3957 1072 4051 ὁρίζονται
1084 3969 1130 4044 (6,
1141 3969 1269 4033 13-18

113 4077 149 4134 ol.
173 4077 240 4136 Sch.
256 4071 309 4147 83,
325 4073 392 4147 22),
426 4073 494 4132 item
529 4074 688 4134 relatorum
721 4070 851 4130 definitio
884 4073 1003 4148 antiqua
1035 4090 1122 4149 quam
1152 4076 1270 4150 corrigit

113 4175 160 4252 (8,
176 4173 303 4240 28--35
326 4177 362 4236 ι1.
388 4177 454 4236 Seh.
472 4173 539 4236 651)
555 4172 606 4236 38.
623 4172 677 4245 66,
691 4169 764 4246 23),
793 4174 843 4232 uhi
872 4175 1049 4236 discriminis
1076 4177 1157 4250 quod
1178 4177 1267 4236 Stoici

112 4280 298 4354 explicabant
326 4279 403 4338 inter
427 4270 470 4338 τὰ
503 4267 589 4364 reple
613 4297 647 4338 τι
670 4283 699 4336 ei
729 4264 815 4359 πρός
835 4266 870 4338 τί
894 4296 968 4352 πως
994 4269 1109 4356 ἔχοντα
1141 4295 1268 4352 quorum

111 4381 160 4441 illa
183 4381 290 4442 deinde
313 4383 389 4444 inter
412 4381 508 4456 qualia
529 4382 654 4442 redeunt
666 4371 772 4454 (ἕξεις
781 4372 889 4442 ἔνεισι.
905 4369 1022 4463 ἀρεταὶ
1033 4379 1144 4443 eumn
1157 4381 1206 4444 16.
1216 4381 1266 4443 22.
