3072 5164
749 348 768 426 t

180 533 278 595 unos
302 549 425 594 sensum
446 531 531 593 'illum
555 531 686 592 criticum
710 541 739 592 et
762 533 933 592 historicum
951 525 1000 607 qui
1016 538 1064 592 est
1078 529 1181 592 acutis
1196 529 1346 592 Platonem
1407 519 1413 528 ‘

182 642 301 696 secutam
324 636 515 696 ostendentes
537 644 567 694 et
590 635 771 694 medicorum
794 634 934 692 librorum
949 640 1076 692 veterem
1092 633 1149 692 iam
1165 633 1344 692 literaturam

181 734 385 808 respicientes,
408 736 539 796 medicae
562 736 703 796 scientiae
727 737 872 794 excultam
895 736 924 794 in
949 735 1081 810 singulas
1103 735 1344 808 partesrelerunt

181 835 413 910 amplitudinem,
435 839 521 897 cuius
543 839 574 898 in
597 836 726 895 Platonis
749 836 800 910 qui
817 837 882 910 ipse
898 837 1041 910 quaedem
1057 836 1086 894 in
1103 836 1220 894 Timaeo
1236 835 1342 894 doctri-

182 952 237 996 nae
260 936 392 996 medicae
409 939 598 998 fundamenta
614 938 714 1012 posuit
734 938 926 1013 Erqximecbo
941 937 1068 1011 aliisque
1083 935 1206 1010 vestigia
1217 942 1339 1008 mutum,

181 1037 308 1096 menime
341 1037 553 1098 Heraclitelsrni
586 1039 666 1098 illius
699 1039 871 1099 recentioris
904 1039 1056 1113 (Sympos.
1073 1035 1135 1098 186
1154 1053 1199 1111 sq.
1222 1036 1339 1096 Pbeedo

180 1134 317 1198 ate-88.
341 1139 377 1196 ci.
390 1139 478 1198 Arist
496 1140 533 1198 de
549 1155 596 1198 an.
614 1137 643 1210 t,
656 1139 693 1212 4)
717 1143 770 1200 bac
792 1149 888 1200 amne
909 1143 987 1215 apud
1010 1139 1141 1200 medicos
1163 1138 1288 1212 rigean
1310 1146 1340 1198 et

180 1240 218 1298 ab
245 1239 312 1313 ipso
339 1239 424 1313 quasi
452 1240 572 1300 Platone
599 1241 706 1300 Stoicis
739 1241 949 1314 commendati,
984 1257 1071 1315 quam
1105 1240 1219 1314 ignorat
1251 1239 1338 1298 etiarn
1441 1285 1445 1298 .

180 1341 352 1404 nnuotucs
373 1340 404 1398 in
427 1340 511 1400 libris
534 1343 571 1401 de
593 1344 781 1416 generatione
803 1343 974 1402 animalium
996 1343 1046 1402 ubi
1069 1343 1208 1416 bequens
1221 1340 1337 1399 occasio

179 1457 271 1517 quum
293 1443 414 1500 easdem
437 1443 598 1504 sententias
614 1453 772 1518 oppugnet
793 1459 869 1518 quae
891 1444 978 1504 etiarn
1001 1445 1079 1518 apud
1101 1451 1248 1502 auctorem
1270 1441 1336 1500 libri

179 1541 372 1616 Hippocratici
396 1543 433 1602 dc
455 1544 643 1618 generatione
665 1553 694 1603 et
717 1552 819 1604 natura
833 1546 916 1619 pueu'
935 1546 1081 1619 leguntur,
1105 1545 1227 1604 medicis
1239 1552 1336 1604 tamen

179 1659 231 1702 eae
253 1643 392 1705 omnibus
416 1652 445 1704 et
467 1645 682 1720 antiquioribus
709 1653 738 1705 et
760 1647 972 1719 posterioribus
999 1647 1078 1720 quod
1105 1645 1262 1719 adipsum
1285 1661 1336 1702 ex-

178 1744 306 1818 plicandi
333 1745 508 1820 principium
537 1748 672 1820 viamque
698 1762 885 1819 communes,
913 1755 945 1807 ut
966 1747 1095 1806 Galenus
1120 1761 1240 1820 quoque
1267 1745 1338 1805 dicit

178 1847 207 1906 in
231 1847 313 1906 libris
336 1848 373 1906 de
396 1847 527 1920 semine,
564 1864 619 1908 nec
641 1848 729 1922 igitur
750 1850 787 1906 ad
809 1848 1011 1923 Hippocratem
1034 1849 1131 1922 ipsum
1155 1848 1335 1918 referendae,

178 1965 336 2023 numquam
361 1948 540 2008 mentionem
563 1949 673 2008 iaciens
696 1965 793 2022 neque
814 1950 1008 2025 Hippocratis,
1031 1949 1134 2023 quide
1152 1947 1335 2024 physiologia

178 2057 254 2110 certe
277 2058 307 2110 et
327 2049 473 2108 anatomia
496 2049 568 2110 nibil
590 2050 705 2122 babuit,
733 2067 788 2110 nee
814 2059 930 2124 praeter
952 2053 1092 2127 Polybum
1120 2051 1209 2109 ullius
1232 2065 1334 2108 eorum

178 2151 227 2224 qui
250 2151 383 2210 ieruntur
403 2151 587 2225 Hippocratis
608 2159 659 2211 eut
680 2151 731 2210 lilii
753 2151 947 2226 propinquive
969 2160 1019 2212 aut
1041 2152 1176 2227 discipuli
1199 2152 1251 2225 (ei.
1267 2165 1333 2208 eum

177 2252 360 2326 Hippocratis
383 2253 450 2337 liele
471 2254 642 2328 genealogia
664 2254 839 2312 Hecataeum
862 2251 1232 2327 ap.Herod.2,11l3elc.)
1269 2251 1332 2309 Non

178 2353 276 2412 minus
298 2370 386 2427 quam
409 2354 667 2429 Hippocrateorum
690 2354 831 2412 librorum
855 2369 980 2413 censura
995 2356 1032 2412 sd
1044 2357 1119 2414 banc
1130 2354 1333 2428 quaestionem

178 2454 304 2528 pertinet
331 2455 433 2514 Galeni
467 2458 504 2515 de
536 2456 641 2515 iisdem
668 2456 808 2514 iudicium
835 2455 965 2528 artisque
994 2455 1058 2514 eius
1084 2455 1202 2514 criticae
1231 2457 1334 2514 obser·

179 2556 269 2628 reto,
304 2573 380 2629 quae
408 2558 527 2632 quidem
554 2573 645 2630 quum
672 2557 736 2616 eius
763 2559 801 2616 de
828 2556 909 2615 omni
935 2556 1119 2630 Hippocratis
1146 2557 1277 2616 doctriua
1305 2564 1334 2616 et

179 2657 324 2716 sermonis
346 2674 454 2732 genere
477 2657 623 2718 sententia
644 2659 912 2717 diversissimorum
934 2657 1077 2716 librorum
1099 2659 1273 2718 confusione
1288 2659 1333 2716 ni-

179 2765 268 2829 tatur,
301 2759 330 2818 in
361 2759 445 2818 libris
477 2775 547 2818 vero
580 2773 656 2832 quos
689 2759 869 2818 recentiores
901 2759 1011 2818 iudicet
1043 2759 1132 2818 certis
1163 2760 1333 2818 amoribus

181 2860 363 2933 assignandis
386 2862 465 2920 velut
486 2858 671 2933 Hippocratis
693 2860 868 2934 propinquis
883 2866 934 2918 aut
947 2860 1070 2919 medicis
1086 2860 1174 2918 simili
1189 2861 1331 2919 librorum

179 2971 349 3036 argumento
372 2962 468 3034 elaris,
490 2993 533 3004 -
556 2960 656 3019 tribuit
678 2961 756 3019 enim
778 2961 870 3020 libros
893 2963 930 3020 de
950 2961 1044 3020 diaeta
1059 2961 1155 3020 iarios
1171 2961 1331 3020 diaeteticis

178 3063 370 3137 scriptoribus
386 3063 542 3122 Aristotele
557 3060 722 3121 iunioribus
737 3077 864 3135 qnorum
879 3061 945 3120 libri
961 3063 1133 3123 nominatim
1149 3063 1332 3122 habebantur

179 3167 256 3224 velut
277 3165 384 3224 librum
406 3161 485 3244 περὶ
505 3160 632 3246 τροφῆς
654 3161 730 3220 iuter
752 3163 826 3222 alios
849 3165 895 3220 rel
917 3164 1071 3222 Philotimo
1087 3164 1137 3238 qui
1152 3164 1244 3224 libros
1259 3179 1332 3224 suos

178 3285 213 3328 rr.
235 3264 362 3349 τροφῆς
378 3274 458 3340 »post
480 3266 673 3339 rnrngoram
697 3271 726 3322 et
750 3264 877 3323 Dioclem
900 3273 929 3323 et
951 3266 1033 3339 ipsos
1056 3265 1210 3324 Aristotele
1232 3273 1359 3339 poste.

178 3369 273 3428 riores
293 3367 461 3442 composuit
483 3368 534 3440 (ci.
552 3367 586 3426 ir.
603 3383 649 3440 ap.
665 3365 769 3424 iltben.
786 3366 831 3437 lll,
844 3363 902 3438 81)
925 3399 965 3408 -
992 3367 1077 3440 plana
1105 3367 1143 3425 sit
1169 3369 1330 3439 arbitraria,

178 3471 341 3530 clarissimo
369 3486 424 3528 nos
451 3470 587 3543 exennplo
614 3468 701 3526 docet
728 3483 817 3540 saepe
843 3474 957 3526 veteres
981 3484 997 3526 a
1021 3467 1091 3524 lalsa
1119 3469 1331 3543 descriptoris

178 3571 330 3632 cuiusdam
353 3572 411 3630 vita
433 3569 551 3644 ingenio
574 3567 739 3626 studiorum
754 3569 867 3627 ratione
882 3569 1031 3643 proiectos
1046 3568 1185 3641 opinione
1200 3572 1237 3629 de
1248 3571 1331 3630 libris

179 3689 296 3746 quoque
330 3672 395 3730 eius
428 3687 519 3745 quum
547 3670 677 3764 priorum
704 3670 881 3730 testimoniis
910 3677 1044 3728 carerent
1073 3659 1145 3729 ialse
1175 3672 1331 3743 iudicasse,

178 3780 206 3832 et
228 3773 342 3834 etiamsi
365 3789 456 3832 sensu
479 3773 607 3845 quodem
630 3771 690 3830 veri
713 3771 793 3830 ducti
815 3772 943 3831 alienum
965 3781 1085 3846 propter
1106 3789 1225 3832 omnem
1246 3773 1333 3832 ratic-

178 3891 245 3936 nem
267 3889 495 3947 sermonemque
518 3874 555 3933 ab
577 3881 697 3933 auctore
713 3873 797 3932 titulo
813 3873 954 3947 inscripto
971 3875 1077 3932 libmm
1098 3877 1245 3948 quendam
1265 3889 1332 3933 esse

176 3977 401 4046 intellexissent,
425 3975 556 4034 iutilibus
578 3975 607 4032 id
631 3974 810 4048 argumentis
826 3977 979 4049 probasse,
1003 3977 1082 4036 velut
1094 3976 1280 4036 Andronicus
1296 3978 1333 4034 de

177 4077 252 4136 libro
275 4071 354 4157 caepi
376 4066 549 4158 ἑρμηνείας
570 4077 703 4136 iudicans
726 4083 755 4136 et
776 4085 913 4138 auctores
935 4093 1011 4150 quos
1035 4078 1168 4151 sequitur
1183 4077 1334 4152 Olympio·
1445 4153 1450 4158 ι

176 4180 269 4242 dorus
297 4181 379 4253 (l„p.
396 4176 456 4239 131
476 4195 521 4253 sq.
537 4180 595 4251 ld.)
623 4179 660 4238 de
687 4178 851 4238 Aristotelis
880 4179 1113 4253 Meteorologicis
1140 4179 1332 4252 disputantes,

174 4281 303 4340 maxime
327 4297 395 4340 vero
417 4281 446 4340 in
471 4297 506 4340 eo
529 4295 669 4355 peccasse
692 4297 744 4340 eos
767 4283 846 4355 quod
870 4281 976 4356 scripta
1000 4281 1077 4340 iusto
1101 4279 1209 4338 iudicio
1226 4281 1334 4340 reiecta

176 4401 209 4442 en
245 4391 278 4446 ut
312 4383 389 4442 reris
423 4390 575 4444 auctorum
613 4382 783 4444 nominibus
821 4384 978 4443 redderent
1011 4381 1127 4444 fortuita
1161 4383 1334 4457 plerumque
