3072 5164
824 349 865 410 tt

355 516 508 580 Praeterea
534 535 603 580 vero
631 553 672 562 —-
695 528 724 580 ct
747 523 802 581 hoc
823 523 946 581 altarum
959 525 1015 584 ‚est
1037 551 1078 564 -ι
1105 535 1139 582 ett
1167 527 1278 581 mumto
1304 521 1341 579 de
1363 517 1416 595 Py-

269 619 476 692 thagoraorunr
510 622 631 680 historia
662 623 770 684 indicio
803 655 844 666 --
871 639 930 697 quo
965 639 1052 698 quam
1086 641 1176 683 vanae
1208 623 1268 682 sint
1300 629 1417 697 apparet

269 720 398 780 Graecae
420 723 622 798 philosophiae
643 725 850 784 historicorum
872 725 1004 784 omnium
1025 725 1197 785 auctoritate
1219 726 1343 785 fontium
1359 741 1417 784 uon

269 821 341 880 satis
372 839 519 899 perpensa
552 826 789 888 ratiocinationes
821 831 913 889 tactae
945 829 983 886 de
1009 828 1194 902 philosophia
1221 829 1418 903 Pythagorica,

269 922 395 984 maxime
428 943 503 999 qnae
534 929 566 986 E.
590 929 749 1002 heinhold,
782 930 918 1003 Brauiss,
949 930 1033 1003 Apelt
1060 931 1259 1004 disputarunt,
1293 931 1345 988 sed
1373 943 1419 986 ce-

269 1030 400 1084 terorum
426 1029 513 1088 etiam
545 1031 602 1090 uisi
635 1033 715 1106 quod
747 1032 893 1091 cautiores
920 1031 1027 1090 Wendt
1053 1031 1302 1092 Schleiemuacher
1327 1031 1421 1102 Zeller

271 1127 322 1201 qui
354 1131 400 1188 vel
427 1131 457 1189 in
485 1133 686 1206 suspicionem
712 1135 826 1194 vocavit
851 1132 971 1193 Philolai
1000 1134 1194 1206 fragmentum
1222 1147 1314 1190 unum
1341 1133 1420 1206 quod

271 1243 343 1286 sane
377 1245 439 1290 rem
472 1247 590 1292 omnam
623 1235 740 1294 conticit
773 1235 912 1308 (Phild.
937 1231 1280 1306 or.1‚123.11‚259):
1317 1249 1421 1292 omnes

272 1330 351 1390 enim
382 1332 424 1393 illi
454 1333 588 1394 nituntur
613 1335 751 1394 Boechhii
778 1336 853 1410 lihpo
880 1343 909 1396 ct
933 1337 1056 1395 Philolai
1089 1337 1161 1394 lalsa
1188 1334 1359 1394 auctoritate
1382 1367 1421 1376 -

273 1431 330 1490 hoc
352 1431 441 1506 igitur
463 1444 574 1496 mutato
601 1445 750 1496 mutantur
775 1439 862 1498 etiarn
891 1439 921 1498 in
948 1439 1042 1516 ipsius
1064 1438 1193 1496 Platonis
1219 1437 1278 1496 rita
1300 1437 1422 1510 scripto-

271 1549 398 1607 rumque
421 1537 485 1596 eius
508 1537 611 1596 ordine
633 1546 662 1597 et
684 1539 833 1598 doctrinae
849 1540 1002 1600 elementis
1017 1539 1214 1613 intelligendis
1230 1540 1330 1598 multa.
1361 1539 1423 1598 Non

273 1633 352 1693 euim
373 1638 468 1711 potuit
494 1654 562 1702 esse
584 1655 710 1714 quorum
735 1641 886 1715 ingenium
914 1643 1033 1718 quidem
1060 1641 1254 1717 symbolicum
1283 1643 1423 1715 quodam·

273 1737 362 1796 modo
385 1747 527 1814 cognatus
550 1744 639 1802 relert
660 1757 795 1802 summus
817 1743 893 1804 iuter
914 1744 1106 1818 philosophos
1129 1742 1324 1818 sublimisque
1339 1750 1423 1816 poeta

272 1836 521 1914 Pythagoreomm
543 1843 716 1919 discipulus,
739 1844 807 1904 licet
829 1877 870 1886 -—
891 1847 973 1920 quod
995 1861 1087 1903 unum
1109 1850 1221 1904 certum
1244 1850 1289 1902 est
1310 1844 1425 1902 -Ar-

273 1941 388 2014 ahytam
420 1943 608 2005 Tarentinum
641 1946 811 2005 convenerit
844 1948 993 2006 homiuem
1026 1953 1055 2006 et
1086 1945 1247 2020 sapientiae
1280 1945 1367 2004 laude
1399 1954 1426 2003 et

274 2041 409 2102 civilihus
431 2047 587 2108 virtutihus
609 2050 721 2108 clarum
744 2049 797 2106 sed
819 2063 907 2123 quern
930 2063 990 2107 nou
1012 2045 1105 2122 magis
1120 2047 1334 2122 Pythagoreum
1347 2047 1425 2107 dicas

273 2143 326 2214 (cl.
350 2144 516 2206 Beclmaun
540 2151 577 2210 de
599 2151 680 2225 Ppth.
704 2153 756 2209 rel.
773 2150 887 2225 22sq.)
909 2166 996 2224 quam
1020 2149 1156 2219 Diouem,
1183 2163 1331 2223 quemque
1354 2151 1426 2208 adeo

275 2243 300 2302 si
331 2253 411 2306 recte
441 2249 512 2324 legit
535 2251 626 2310 Casiri
648 2253 668 2324 l,
684 2249 748 2314 302
781 2252 812 2311 iu
840 2253 1052 2325 discipulorum
1077 2249 1205 2308 Plutonis
1239 2263 1366 2308 recensu
1391 2265 1426 2308 ex

276 2347 381 2407 codem
403 2350 483 2410 sonte
506 2368 541 2412 ex
565 2369 623 2428 quo
646 2353 791 2428 Diogenes
813 2356 845 2412 t.
870 2355 968 2414 hausit
983 2349 1029 2426 (3,
1044 2351 1102 2426 46)
1125 2359 1223 2412 sumto
1246 2367 1312 2410 cum
1335 2351 1427 2410 Dione

275 2448 360 2520 ponit
380 2451 671 2514 Dschemaleddinus.
713 2456 773 2515 Nec
795 2463 975 2530 possuntne
997 2469 1064 2514 vera
1086 2462 1119 2513 ut
1133 2455 1384 2530 Pythagoreorum
1399 2454 1426 2512 iu

275 2547 404 2610 Platonis
428 2556 589 2616 doctrinam
611 2558 810 2618 auctoritatem
838 2558 964 2632 prohent
989 2555 1046 2616 uisi
1073 2571 1124 2615 eas
1150 2571 1199 2618 res
1226 2557 1329 2614 afferre
1354 2569 1427 2629 queo

276 2650 387 2712 nullius
419 2665 489 2715 sunt
520 2658 551 2718 in
579 2659 672 2733 ipsam
705 2660 873 2734 philosophi
903 2658 1078 2717 sententiam
1110 2661 1264 2730 momenti,
1298 2659 1427 2717 ludendo

275 2760 389 2814 tautum
403 2758 553 2820 doctrinae
563 2759 662 2820 addita
673 2763 873 2836 adspersaque
885 2760 1011 2820 rhetoris
1026 2767 1055 2820 et
1070 2760 1171 2819 iocosa
1186 2761 1246 2818 lere
1258 2767 1429 2818 ornamenta
1516 2773 1517 2798 r

276 2869 373 2930 neque
400 2859 473 2920 haec
499 2878 618 2937 quoque
644 2863 725 2938 ipsos
751 2863 951 2939 Pythagoreos
983 2863 1035 2920 sed
1064 2877 1166 2920 eorum
1198 2861 1341 2920 rationem
1370 2877 1429 2936 my-

276 2955 383 3018 thicam
406 2970 435 3021 et
455 2966 648 3038 symbolicam
669 2966 814 3039 planeque
837 2964 1071 3038 superstitiosam
1094 2963 1186 3022 libera
1208 2971 1237 3022 et
1259 2977 1347 3037 quam
1372 2977 1430 3020 ma-

276 3060 354 3120 xime
382 3065 501 3138 propria
520 3067 682 3126 imitatione
702 3067 865 3126 refer-entia.
906 3066 972 3138 lpsa
992 3079 1062 3123 vcro
1085 3065 1200 3123 numeri
1222 3073 1251 3124 et
1273 3077 1430 3122 tueusurae

276 3161 423 3222 intellecta
449 3165 575 3240 dignitas
602 3176 631 3228 ct
657 3168 787 3229 delinitio
816 3143 967 3228 dialectica
993 3181 1092 3225 rerum
1114 3181 1221 3239 genera
1245 3165 1430 3239 distinguens

277 3263 440 3340 logicisque
461 3268 534 3328 liniti
558 3277 588 3328 et
609 3269 713 3330 infiniti
737 3270 894 3330 momentis
917 3255 1076 3340 constans,'
1090 3267 1175 3326 cuius
1197 3269 1366 3342 symbolum
1388 3275 1431 3326 est

278 3365 344 3424 idea
366 3361 527 3451 (μέτρον),
550 3379 580 3430 et
602 3372 713 3431 Platoni
735 3372 854 3446 propria
876 3387 930 3430 nec
958 3371 1016 3430 nisi
1038 3369 1175 3430 Heracliti
1198 3377 1227 3428 et
1249 3369 1431 3428 Parmenidls

276 3467 361 3530 lihris
382 3473 546 3547 moralique
568 3474 697 3533 Socratis
720 3474 888 3548 magisterio
911 3472 1035 3546 eiusque
1057 3470 1181 3544 sapienti
1204 3470 1234 3530 iu
1254 3471 1431 3544 disputando

277 3573 435 3660 verborum
463 3576 581 3635 fraudes
603 3576 759 3650 detegendi
787 3577 926 3634 memodo
954 3573 1062 3633 nutrita
1093 3579 1122 3632 et
1149 3573 1178 3631 in
1206 3572 1345 3632 omnihus
1368 3574 1432 3631 olus

279 3673 396 3746 seriptis
423 3679 526 3736 eadem
551 3685 599 3736 ast
632 3679 684 3751 (ol.
707 3679 802 3737 Zeller
822 3693 868 3751 ap.
892 3677 982 3750 Pauly
1004 3691 1028 3733 s.
1045 3689 1072 3734 v.
1089 3674 1130 3732 Pl.
1147 3675 1180 3746 V,
1196 3672 1306 3746 loeo).
1355 3675 1432 3733 llaec

277 3773 357 3834 enim
379 3783 412 3834 ut
433 3778 494 3836 lere
517 3780 642 3838 rhetoris
664 3787 710 3838 est
731 3778 932 3842 diuersissima
953 3785 1051 3836 tamen
1074 3781 1135 3834 arte
1158 3775 1251 3850 magis
1272 3775 1385 3834 distant
1402 3782 1433 3834 et

278 3876 427 3936 scribendi
461 3881 559 3940 causis
591 3880 760 3955 linihusque
786 3895 874 3954 quam
902 3879 1071 3950 sententiis,
1104 3887 1235 3937 ceterum
1262 3879 1342 3952 quod
1370 3879 1433 3952 ipsa

277 3978 367 4038 huius
400 3983 540 4056 temporis
573 3984 723 4044 urbanitas
755 3982 870 4042 mediae
897 3997 1015 4056 quoqrte
1047 3979 1217 4039 comoediae
1243 3979 1360 4054 propria
1388 3979 1431 4051 (iu

277 4081 364 4142 cuius
386 4084 555 4158 traginensis
579 4103 654 4161 quac
680 4099 845 4158 repugnare
868 4084 1004 4144 videntur
1030 4066 1080 4142 aut
1106 4081 1181 4140 alius
1203 4083 1289 4155 plane
1313 4080 1433 4140 rationis

279 4193 348 4244 suut
370 4187 460 4245 vetari
483 4188 713 4262 Aristophaneac
740 4185 892 4246 dissimilis
919 4194 969 4244 aut
995 4187 1122 4244 incertae
1145 4184 1325 4243 comicorum
1348 4184 1433 4241 chro-

279 4287 413 4362 nologiae
436 4291 595 4362 debentur)
618 4291 748 4364 postulat
769 4304 786 4346 a
808 4287 967 4348 viventium
991 4287 1110 4345 nomine
1133 4293 1231 4360 aperta
1253 4285 1390 4344 irrisione
1405 4289 1433 4340 et

280 4387 399 4447 omniuo
422 4392 637 4465 prosopopoeia
660 4391 773 4466 poetice
796 4391 924 4464 fingente
947 4391 1008 4449 lere
1030 4389 1192 4460 abstinens,
1215 4395 1283 4463 post
1304 4383 1433 4446 Socratis
