3072 5164
700 339 740 400 39

130 504 218 576 eligia
241 504 300 578 ipsi
323 504 461 578 Diogenis
486 506 597 568 iudices
616 509 758 582 praebent
773 513 809 572 cs.
828 511 857 584 5,
873 511 915 574 48
937 503 1183 597 ὑπομνημάτων
1198 502 1289 592 Ἀρι-
1303 507 1320 538 ‘

131 598 331 668 στοτελικῶν
358 596 380 690 ἢ
406 599 663 691 Θεοφραστείων
689 625 757 685 sex3
783 613 893 678 Tullicis
916 614 1109 690 Physicisque
1129 612 1287 674 Ecdemeis

132 706 239 766 similis
273 709 388 770 videtur
421 711 494 772 ratio
529 711 620 771 luisse
653 728 756 772 eorum
789 729 865 788 quae
899 716 942 778 sic
973 717 1061 780 infert
1087 715 1169 790 Dicg.
1193 711 1222 783 5,
1246 713 1287 776 24

131 803 309 892 πολιτικῆς
344 801 535 894 ἀκροάσεως
563 801 609 885 ὡς
636 801 656 893 ἡ
690 805 909 896 Θεοφράστου
938 824 1004 876 octo
1036 825 1065 876 et
1085 813 1114 889 5,
1138 816 1181 876 44
1208 809 1287 898 περὶ

130 898 254 992 ἡδονῆς
284 901 332 986 ὡς
357 904 586 997 Ἀριστοτέλης
609 904 657 986 u';
693 923 844 988 praeterea
877 917 1033 990 ambigitur
1065 919 1143 991 apud
1170 924 1285 980 veteres

130 1012 250 1073 criticos
284 1015 323 1073 de
354 1015 438 1076 lihris
470 1009 549 1092 napi
574 1012 640 1077 τῶν
666 1003 799 1092 ἀτόμων
823 1015 981 1100 γραμμῶν
1008 1019 1110 1094 Simpl.
1139 1020 1175 1078 rle
1201 1018 1284 1078 coelo

95 1123 98 1129 ·
131 1115 199 1172 Sch.
217 1111 360 1176 510u11
388 1117 423 1175 cf.
445 1116 478 1174 u.
495 1118 526 1176 L.
546 1115 575 1190 5,
591 1117 642 1190 42,
675 1107 885 1197 οἰκονομικός
910 1121 1070 1182 euincere
1099 1119 1136 1180 de
1161 1118 1226 1180 virt.
1257 1124 1287 1182 el

130 1215 179 1272 vit
203 1233 231 1289 p·
248 1213 336 1290 45,8
359 1217 457 1290 euru,
484 1214 563 1302 περὶ
588 1210 765 1282 Μελίσσου
785 1212 1000 1304 Ξενοφάνους
1027 1212 1169 1302 Γοργίου
1194 1220 1283 1280 iuscr.

85 1391 89 1398 ἱ
130 1316 202 1376 Ceu.
226 1316 315 1380 vatic.
339 1320 401 1380 sive
423 1321 465 1380 Ra
483 1323 624 1392 Bekkeri‚
657 1315 736 1404 ιτσρί
768 1314 914 1404 σημείων
944 1313 1076 1386 hunul
1098 1331 1152 1382 etc.
1190 1321 1284 1382 codex

129 1426 159 1477 et
180 1419 300 1492 antiqua
320 1437 397 1480 vers.
420 1424 468 1482 lat.
492 1441 538 1498 ap.
562 1425 725 1488 Schneider
744 1426 889 1501 Theophr.
907 1428 973 1500 Vp.
987 1422 1101 1498 lesse.
1118 1421 1191 1492 173,
1206 1413 1285 1500 περὶ

127 1509 302 1596 μετάλλων
328 1523 430 1582 Pollux
448 1520 478 1597 7,
495 1523 546 1598 99,
573 1518 653 1606 πυρί
679 1523 792 1608 φυτῶν
817 1561 862 1570 —
887 1529 926 1588 its
953 1528 1032 1588 euim
1059 1523 1210 1609 praescip
1230 1537 1283 1596 pro
1343 1549 1347 1559 ·

133 1621 287 1704 φυσικοῖς
327 1627 516 1686 scribendum
543 1634 589 1685 est
622 1628 659 1686 cl.
687 1628 782 1687 simile
810 1638 877 1689 aute
903 1629 1046 1690 Cohetum
1073 1627 1213 1686 mendum
1239 1637 1284 1696 ap.

129 1725 162 1782 D.
177 1726 211 1782 L.
228 1721 258 1797 5,
273 1723 316 1784 46
336 1755 380 1766 -
401 1727 473 1788 Poll.
491 1726 637 1802 10,170)
663 1727 703 1788 ita
729 1719 761 1788 ut
786 1746 824 1790 ne
847 1731 954 1790 celcris
976 1730 1095 1805 quidem
1117 1725 1284 1800 inscriptio-

129 1826 218 1887 nibus
240 1841 297 1888 uos
317 1833 472 1886 teneamur
484 1861 528 1872 -
542 1831 648 1888 horum
670 1830 758 1904 igitur
779 1831 946 1905 elihgeutius
969 1846 1048 1890 nunc
1063 1834 1284 1902 segregatorum

129 1927 244 1986 iudices
267 1927 336 1987 lecit
356 1929 543 1990 Andronicus
565 1932 699 1993 Rhodius
722 1933 847 2006 diligens
869 1933 918 1992 ille
941 1931 1106 1992 secuudum
1127 1926 1283 1987 Boethium

129 2027 295 2088 Aristotelis
315 2030 459 2106 librorum
481 2039 510 2091 et
531 2033 620 2094 iudex
642 2041 671 2094 el
692 2042 841 2109 repertor,
868 2035 919 2110 qui
941 2049 1032 2108 quum
1054 2047 1091 2090 ex
1113 2026 1284 2102 „retanbus

129 2129 330 2189 bibliothecis’
359 2132 411 2204 (cl.
434 2133 548 2192 Adrast.
572 2149 619 2208 ap.
641 2135 735 2196 huon.
758 2139 889 2213 prolegg.
912 2136 941 2200 iu
964 2142 1020 2194 cat
1035 2127 1171 2203 33h31‚
1193 2126 1284 2190 navit

129 2231 160 2289 iu
182 2238 237 2290 cal.
254 2229 368 2305 3094,
391 2233 503 2308 Philcp.
519 2231 571 2305 39,
587 2232 638 2308 19,
662 2238 698 2298 cl.
721 2238 833 2312 Philop.
856 2239 889 2297 in
910 2237 995 2296 haul.
1015 2253 1062 2310 pr.
1076 2226 1217 2294 142938
1231 2227 1283 2290 uhi
1326 2223 1328 2226 ’

128 2333 181 2406 qui
203 2325 398 2395 τοσουτουσὶ
418 2324 564 2396 Ἀττικοί
583 2330 736 2420 ἐξηγηταί
758 2340 822 2400 siue
845 2339 935 2398 duhic
958 2346 1027 2397 sunl
1048 2326 1082 2396 οἱ
1101 2321 1284 2414 Ἀθήνησιν

127 2427 406 2515 Περιπατητικοί,
428 2437 494 2511 ipse
509 2453 550 2496 sc.
563 2440 748 2502 Andronicus
764 2440 939 2502 undecimus
950 2437 1114 2498 Aristotelis
1127 2447 1284 2494 successor

128 2535 254 2610 eiusque
277 2537 428 2612 discipuli)
451 2539 547 2612 qualis
569 2541 623 2599 luit
644 2548 761 2616 praeter
781 2541 1006 2600 Alexandrinam
1028 2539 1160 2612 aliasque
1175 2535 1282 2611 Apelli·

128 2645 234 2700 conica
256 2639 305 2698 illa
325 2647 393 2716 post
413 2639 542 2700 Athenas
564 2658 581 2700 a
604 2643 685 2701 Sulla
706 2651 806 2717 captas
828 2643 951 2702 Romam
964 2640 1140 2702 transmissa
1153 2637 1282 2698 hominis

129 2738 268 2798 ditissimi
294 2747 324 2800 el
349 2743 594 2816 autographorum
624 2744 728 2802 famosi
754 2743 903 2804 venatoris
926 2745 1046 2816 (Athen.
1062 2742 1086 2798 V
1100 2737 1164 2798 214
1174 2741 1208 2811 d)
1231 2739 1282 2812 σοί

128 2841 186 2900 sihi
208 2841 292 2899 visus
313 2851 360 2904 est
381 2844 445 2917 ipsa
466 2843 631 2904 Aristotelis
654 2853 682 2903 ct
703 2843 894 2918 Theophrasti
921 2843 1101 2915 autographa
1127 2841 1284 2915 possidere

128 2944 284 3016 (Posiden.
308 2959 353 3018 ap.
377 2945 481 3008 Athen.
504 2946 523 3005 l.
547 2961 583 3017 c,
608 2945 711 3004 Strabo
727 2947 772 3017 ΙΙΙ,
784 2943 863 3018 124)
884 2945 921 3002 ah
943 2937 1113 3004 hominihus
1135 2942 1211 3000 lucri.
1232 2955 1282 2999 cu-

127 3046 208 3122 pidis
230 3046 327 3106 labula
348 3047 538 3121 Theophrasti
560 3053 735 3108 testamento
757 3047 828 3106 tuln
851 3047 992 3120 deceptus
1019 3047 1096 3118 (non
1116 3043 1181 3117 ipse
1203 3041 1282 3100 eieci-

127 3149 216 3224 piens
242 3155 276 3208 ut
301 3149 427 3208 coniecit
451 3149 544 3207 Ritter
570 3147 638 3206 hist.
661 3150 732 3222 phil.
748 3150 795 3221 lll,
810 3146 862 3222 3),
892 3148 984 3208 libros
1011 3143 1176 3206 Aristotelis
1203 3143 1284 3202 mille

128 3251 192 3308 iere
228 3265 354 3310 numero
389 3250 558 3324 collegisset
593 3249 700 3322 (David
732 3251 762 3308 iu
790 3257 844 3309 cat.
866 3247 978 3322 24,19
1012 3255 1042 3308 et
1069 3262 1128 3306 sec.
1151 3247 1283 3306 Androm

128 3352 252 3410 Ptolem.
276 3351 346 3410 ihid.
367 3349 488 3424 2216.
517 3349 575 3408 uita
596 3349 644 3410 Ar.
669 3352 714 3410 ed.
738 3351 868 3412 Nouaes.
892 3367 921 3424 p.
937 3348 994 3422 16)
1029 3364 1154 3423 quorum
1185 3356 1284 3406 tamen

129 3453 461 3528 circaquadringentos
482 3458 595 3510 tanturn
618 3452 705 3512 alicui
728 3455 808 3512 velut
828 3451 1018 3525 Theophrasti
1041 3449 1169 3510 auctoris
1186 3446 1284 3520 suspi-

128 3554 217 3614 cione
244 3552 352 3614 exemit
378 3543 623 3636 (ἀναμφίλεκτα
646 3567 705 3612 sec.
729 3554 761 3611 1).
777 3555 810 3614 L.
827 3552 857 3627 5,
872 3551 924 3614 34.
946 3553 1000 3610 Ao.
1023 3552 1153 3623 llecag.)
1178 3579 1221 3590 -
1248 3562 1284 3605 en

129 3653 324 3736 quadraginta
345 3652 560 3730 Aualyticorum
587 3654 671 3715 libris
698 3662 824 3728 quatuor
848 3661 962 3714 nutura
985 3661 1014 3712 et
1035 3669 1051 3712 e
1074 3649 1285 3726 categoriarum

129 3755 249 3818 duobus
271 3769 364 3816 uuum
386 3755 491 3830 selegit
512 3757 548 3814 cl.
565 3757 594 3814 ll.
611 3771 653 3814 cc.
676 3786 719 3798 -
747 3757 837 3818 multa
864 3763 943 3816 certe
968 3756 1047 3816 lectu
1072 3769 1149 3816 noua
1174 3760 1203 3812 et
1225 3753 1286 3811 lere

128 3857 230 3930 ignota
253 3856 348 3916 doctis
370 3858 539 3916 hominihus
562 3858 592 3918 iu
614 3857 745 3916 medium
765 3858 895 3931 pretulit,
918 3874 994 3932 quae
1015 3857 1084 3916 licet
1104 3853 1287 3929 longeprius

129 3958 241 4032 scripta
264 3945 339 4032 (ocu
361 3959 440 4016 euim
463 3960 594 4020 concedo
617 3959 770 4018 Brendisio
793 3959 823 4016 in
838 3960 913 4018 Mus.
930 3962 1011 4018 rhen.
1028 3965 1084 4018 rel.
1101 3959 1121 4029 l,
1138 3955 1158 4015 3
1172 3973 1201 4030 p.
1214 3951 1286 4012 243.Ι

129 4056 196 4122 253
219 4066 249 4117 et
263 4059 378 4133 Koppio
394 4060 432 4120 ih.
449 4062 495 4133 lll,
513 4056 576 4120 195
599 4061 688 4120 huius
711 4061 798 4120 etiam
819 4062 962 4136 temporis
976 4063 1049 4122 salsa
1063 4058 1188 4120 admixta
1204 4058 1287 4128 esse)

131 4162 301 4220 incertum
334 4161 498 4224 Aristotelis
530 4162 647 4224 titulum
683 4155 762 4220 nunc
795 4165 914 4222 demunt
946 4165 1068 4224 ahirenl.
1116 4157 1287 4230 Exemplum
1370 4240 1373 4244 ¹

131 4260 219 4321 affert
250 4259 371 4322 Ptoleut
405 4279 451 4338 ap.
485 4263 781 4324 Dschentcleddiuum
808 4263 946 4324 Wenrich
979 4281 1007 4338 p.
1024 4259 1085 4324 157
1122 4259 1290 4336 „Epistulae

134 4361 209 4422 aliae
236 4362 295 4434 (sc
317 4371 433 4438 proclo
454 4364 620 4427 hrterucuis
643 4372 709 4422 octo
732 4366 874 4424 librorum¹
896 4365 1055 4428 editiorem
1078 4361 1170 4422 havit
1188 4361 1219 4423 itt
1235 4365 1290 4420 cet.
