3036 5164
670 337 710 400 79

109 504 269 576 (Peterson
290 521 337 579 ap.
361 506 586 566 Zirnmermanu.
599 506 740 566 zeitschr.
754 506 771 564 l.
785 505 1000 568 tirannorum.
1014 501 1098 566 1836
1110 520 1137 577 p.
1148 501 1263 576 deasq.

111 607 211 666 Mallet
236 606 303 666 hist.
333 611 370 666 de
392 606 491 668 l’r'acole
515 609 551 666 dc
573 605 687 682 illigare
709 606 791 664 Paris
815 602 897 668 telo
919 623 947 678 p.
965 607 1065 679 LVlll)
1088 608 1143 666 scd
1164 620 1264 669 revera

110 707 170 781 ipsi
193 708 249 768 soli
271 709 390 770 Eleatici
410 709 457 782 (id
480 709 560 783 quod
580 708 611 768 in
634 709 691 770 alio
703 708 776 771 lihro
789 709 827 769 de
837 707 1025 782 Pythagoreis
1036 717 1138 781 postea
1150 707 1264 770 edendo

107 809 239 883 amplius
252 810 463 884 demonstrari)
479 843 530 882 -,
554 809 667 872 Alexini
687 809 840 870 Eubulidis
863 810 1026 870 Menedemi
1049 809 1189 882 stilponis
1204 807 1265 868 cui·
1340 861 1349 886 ‚

110 912 181 970 dnm
207 911 320 984 aequali
350 910 430 974 illum
455 912 542 972 etiam
565 910 688 984 Gorgiae
715 911 751 973 de
773 917 877 970 natura
902 911 1032 971 libellum
1055 910 1183 980 tribuas;
1217 909 1265 968 eui

111 1011 238 1084 tempori
261 1013 361 1074 deberi
383 1013 499 1076 videtur
520 1020 549 1072 et
572 1012 710 1074 Xeniadis
734 1012 875 1074 Corinthii
891 1013 1030 1087 Diogenis
1045 1011 1159 1086 patroni
1174 1011 1263 1082 (ht.

110 1110 143 1183 6,
161 1110 210 1176 73.
227 1111 270 1174 82
286 1121 341 1172 etc.
376 1115 411 1172 cs.
440 1113 527 1174 Arist.
556 1131 601 1188 ap.
625 1113 763 1174 Themist.
788 1114 877 1174 Oratt.
905 1133 933 1189 p.
950 1112 1012 1174 295
1035 1108 1159 1184 hardi)
1191 1112 1266 1174 liber

112 1213 286 1276 dialecticus
324 1215 555 1290 suppositusque
589 1211 777 1288 (Sext201.
812 1215 846 1273 ct.
875 1214 924 1277 60.
946 1213 1018 1278 275.
1035 1212 1106 1274 277.
1123 1211 1201 1285 289)
1235 1221 1264 1273 et

111 1315 169 1377 alie
192 1315 222 1376 id
244 1331 339 1390 genus
357 1319 448 1378 multa
459 1317 563 1390 (veluti
579 1332 665 1390 quam
679 1316 885 1376 Anacharsidis
897 1318 1147 1378 ratiocinationem
1159 1317 1264 1378 Sextus

111 1418 217 1480 recimt
237 1435 265 1493 p.
282 1416 344 1480 201
357 1419 429 1491 sip),
451 1418 508 1480 nisi
531 1419 604 1480 torte
627 1433 664 1480 ex
686 1417 821 1477 isocratis
844 1419 941 1478 verbis
956 1420 1013 1478 iam
1030 1417 1118 1478 huius
1134 1425 1265 1490 tempore

111 1519 221 1580 librum
242 1520 325 1581 illum
346 1520 635 1594 pseudogorgicnum
657 1519 790 1580 extitisse
813 1522 924 1580 credas.
968 1521 1051 1580 Falsa
1077 1521 1167 1592 multa
1193 1519 1265 1580 Gou-

111 1620 178 1694 giac
206 1622 312 1686 tributa
346 1637 414 1683 ease
447 1629 549 1682 notum
583 1629 711 1682 estnec
739 1621 865 1682 absimili
892 1621 928 1678 ah
955 1621 1035 1680 illius
1060 1621 1127 1681 lihri
1154 1620 1265 1680 ratione

110 1724 244 1796 procedit
263 1723 429 1784 Palamedis
449 1722 591 1796 apologia.
637 1721 773 1782 Celerum
800 1722 936 1782 dirimere
963 1725 1037 1782 hauc
1063 1719 1265 1795 quaestionem

111 1825 229 1884 ridetur
253 1823 318 1898 ipsa
339 1824 510 1887 Aristoteles
532 1825 575 1884 lil.
598 1827 682 1899 soph.
699 1822 788 1884 teet
803 1820 859 1894 37,
890 1824 940 1882 uhi
968 1840 1059 1897 qaum
1082 1822 1265 1882 eristicomm

115 1924 213 1985 studia
233 1940 300 1984 cum
323 1925 447 1999 Gorgiae
469 1925 594 2000 aliorum
616 1925 772 1988 rhetoricis
795 1933 1001 1998 comparentur
1022 1925 1059 1984 ab
1081 1922 1265 1985 misticorum
1293 1953 1296 1961 ·

114 2025 204 2098 igitur
225 2025 337 2086 ratione
357 2025 405 2084 hic
427 2027 596 2090 secluditur.
641 2026 779 2099 Sequitur
801 2041 871 2100 ergo
894 2025 1082 2086 eximendum
1103 2039 1171 2085 esse
1193 2023 1266 2086 Gor-

113 2127 192 2202 giam
216 2144 232 2191 e
253 2127 495 2202 philosophorum
517 2143 639 2189 numero
662 2127 847 2199 cimeteria,
876 2128 953 2199 quod
976 2126 1055 2186 idem
1077 2125 1265 2188 iudicandum

113 2237 161 2296 ost
187 2229 224 2288 do
244 2229 377 2301 plurimis
404 2228 469 2292 istis
499 2247 574 2304 quos
603 2229 750 2303 sophistas
777 2229 929 2290 nominare
956 2227 1031 2290 male
1059 2225 1266 2287 consuevimus

96 2331 169 2404 ¹(cs.
196 2331 283 2390 Grato
305 2331 373 2390 hist.
397 2332 429 2390 of
449 2333 559 2395 Graece
574 2332 643 2403 Vlll,
659 2327 844 2402 tetssott)
870 2335 985 2402 practer
1010 2344 1104 2390 uuum
1128 2328 1267 2398 Protago-

114 2449 177 2502 ram
205 2433 399 2498 Heracliteum
430 2433 518 2506 (nihil
540 2432 618 2493 enim
644 2432 712 2496 huic
734 2447 801 2494 cum
823 2429 987 2496 Democrito
1014 2443 1171 2492 commune
1200 2441 1267 2491 esse

114 2533 173 2592 nisi
197 2533 319 2608 patriam
345 2550 508 2607 aevumque
534 2541 614 2595 recte
642 2532 853 2594 denronstravit
873 2530 937 2593 Frei
961 2529 1015 2598 Qu.
1038 2532 1152 2602 Protag.
1169 2526 1208 2588 te
1221 2543 1265 2600 sq.

115 2633 317 2708 tot-tto),
345 2638 396 2710 qui
419 2652 523 2702 ornnes
550 2652 586 2696 ex
608 2636 746 2700 universa
767 2635 927 2694 litterarum
951 2631 1124 2692 Graecarum
1146 2627 1268 2690 historia

116 2736 147 2797 iu
174 2735 325 2802 historiam
357 2738 561 2811 philosophiae
592 2753 628 2796 eo
653 2743 767 2800 tautum
799 2733 919 2798 nomine
950 2731 1111 2804 recipiendi
1143 2736 1212 2790 sunt
1240 2735 1269 2787 et

115 2837 218 2911 paucis
240 2840 488 2904 commemorandi
516 2840 738 2912 quodpropter
765 2833 938 2900 eruditionis
965 2834 1068 2892 doctae
1088 2831 1269 2891 incrementa

115 2949 145 3002 et
167 2940 283 3001 dicendi
307 2940 533 3014 disputandique
560 2948 638 3006 ortes
665 2946 694 3001 et
715 2938 879 3002 libertatern
902 2943 931 2998 et
953 2934 1129 2995 Graecorum
1152 2930 1269 3004 ingenia

115 3057 174 3100 una
196 3057 264 3100 cum
287 3041 411 3102 florente
434 3041 611 3108 democratia
632 3040 757 3101 maxime
776 3043 984 3111 promoverent
1005 3041 1034 3092 et
1048 3035 1215 3095 excolerent
1230 3031 1268 3094 ita

116 3151 149 3210 ut
175 3157 245 3200 rnox
271 3150 350 3203 aetas
378 3143 454 3203 serre
481 3151 584 3217 posset
610 3149 639 3203 et
664 3142 815 3203 Platonem
843 3137 976 3212 quamvis
1003 3137 1108 3197 horum
1136 3135 1270 3208 ipsorum

114 3253 264 3309 oratorum
292 3253 320 3314 et
347 3244 565 3312 dialecticorum
594 3251 624 3301 et
646 3240 839 3308 democratiae
866 3238 1041 3306 acerrimum
1067 3237 1216 3299 inimicum
1240 3243 1271 3299 ct

115 3345 357 3420 iniustissimurn‚
392 3354 422 3407 et
447 3346 544 3420 ipsum
570 3343 755 3410 Aristotelem
786 3341 897 3404 solidae
925 3353 1069 3412 veraeque
1096 3337 1270 3404 eruditionis

116 3448 309 3514 conditorem.

203 3551 324 3614 Euhoe
346 3550 403 3608 iam
425 3550 513 3616 urium
535 3549 676 3611 librorum
699 3553 813 3612 servato
836 3544 972 3618 exemplo
992 3558 1053 3608 uon
1067 3542 1166 3608 minus
1181 3555 1272 3618 quatu

116 3669 154 3714 ex
176 3651 315 3712 uniuersa
336 3650 500 3718 Aristotelis
523 3649 681 3723 scriptione
702 3645 860 3706 verisimile
882 3653 928 3710 est
949 3653 1063 3708 ceteros
1083 3655 1202 3715 quoque
1219 3641 1270 3714 qui

117 3755 253 3818 eiusdem
276 3761 346 3820 sunt
366 3753 483 3826 generis
505 3750 642 3826 discipuli
664 3748 788 3810 alicuius
810 3761 887 3818 osse,
910 3762 969 3806 non
985 3745 1080 3818 ipsius
1094 3743 1268 3804 Aristotelis.

117 3855 252 3930 Quorum
276 3853 393 3928 quidem
415 3854 560 3932 Archytea
579 3853 628 3920 illu
650 3854 695 3924 (et
717 3851 753 3908 de
775 3847 961 3922 philosophia
975 3846 1117 3920 Archytae
1131 3845 1197 3906 lihri
1210 3852 1271 3902 tres

118 3957 150 4019 D.
168 3957 200 4019 t.
217 3957 253 4019 ci.
269 3957 369 4024 Wenr.
386 3952 448 4018 143
471 3961 499 4015 et
521 3954 610 4018 huius
633 3951 730 4026 aperis
753 3950 847 4024 ipsius
863 3963 904 4012 sc.
920 3945 986 4008 τῶν
1000 3937 1195 4028 Ἀρχυτείων
1207 3946 1270 4008 Ari-

118 4057 235 4124 stotelis
257 4056 384 4130 epitome
407 4058 439 4114 D.
453 4058 485 4114 L.
503 4051 532 4125 5,
548 4051 598 4112 25.
621 4054 746 4125 Anum),
782 4067 872 4124 ouum
907 4050 1015 4122 scriptu
1047 4050 1104 4106 iam
1136 4055 1205 4109 tunc
1239 4054 1271 4109 ut

118 4160 243 4234 Gorgiae
265 4159 406 4232 Leucippi
429 4166 458 4221 ct
479 4158 603 4219 tortasse
626 4156 712 4217 etiam
734 4153 855 4227 Hippasi
877 4150 996 4224 (Syrien
1017 4150 1049 4212 in
1071 4149 1136 4215 hiet.
1150 4143 1222 4218 313,
1235 4144 1276 4220 5).

119 4261 244 4328 aliorum
267 4259 306 4322 ita
327 4260 471 4334 Archytae
494 4257 625 4323 extitisse
647 4257 713 4330 ipso
735 4255 819 4314 titulo
842 4251 1019 4324 significent,
1042 4266 1077 4308 eo
1100 4265 1170 4308 uero
1191 4250 1271 4321 quod

119 4362 188 4432 iude
203 4363 271 4426 citat
288 4359 458 4426 humaldus
474 4356 538 4428 (A.
554 4347 588 4421 ἐν
602 4357 673 4430 τρῖς
686 4345 943 4438 Ἀραντείοιςθρ.
959 4352 1083 4422 Crenaee
1093 4351 1235 4418 Maletum.
1249 4350 1269 4422 1,·
