3036 5164
652 329 714 397 tat

103 513 239 564 naturam
262 505 354 579 ipsam
378 503 560 579 purgationis
584 507 661 566 illius
685 516 713 565 et
736 523 850 567 merum
874 507 1044 582 disciplinae
1068 505 1207 580 deinceps
1229 503 1260 564 in

103 609 183 666 libro
206 609 242 666 de
265 610 380 682 poetica
403 611 500 666 denuo
525 608 735 680 explicaturum
759 627 791 668 se
814 609 963 683 promittit.
1010 609 1039 667 ld
1058 591 1142 682 ¹quod
1158 623 1260 666 revera

102 709 218 782 perficit
239 711 406 784 tragoediae
429 711 602 783 fabulaeque
626 713 756 785 poeticae
779 722 880 772 natura
904 711 1059 784 descripta,
1083 710 1259 770 itamauime

103 818 136 870 ut
160 813 237 885 quali
260 813 408 886 tragoedia
430 828 518 870 verus
541 821 628 886 atque
651 821 683 872 ut
705 815 744 872 ita
767 815 1259 888 dicamsapiensmetusrarusqna

100 915 201 972 luctus
232 917 340 974 oriatur
374 921 501 986 spectata
536 915 666 973 deliniat:
702 916 864 974 illustratur
897 919 986 991 igitur
1016 906 1184 998 κάθαρσις
1210 917 1259 973 illa

102 1033 196 1090 quum
231 1017 369 1076 universe
403 1018 477 1075 tiore
510 1025 572 1076 tum
601 1016 661 1076 ca
683 1027 711 1076 et
731 1017 771 1078 13
788 1027 841 1078 etc.
866 1020 901 1076 cf.
919 1017 959 1076 14
996 1019 1087 1092 (sicut
1114 1021 1194 1092 quod
1221 1019 1258 1076 ad

101 1118 223 1193 lyricam
249 1119 364 1192 poesim
392 1119 449 1177 iarn
476 1118 720 1194 tercurtae).
771 1123 847 1179 Talis
881 1130 979 1180 nartem
1015 1123 1180 1196 tragoediae
1212 1122 1257 1180 vis

101 1230 192 1294 atque
214 1222 289 1280 adeo
311 1219 380 1278 finis
405 1220 469 1278 eius
498 1220 526 1277 in
551 1223 764 1295 compositione
792 1225 906 1282 fabulae
935 1225 996 1283 sire
1024 1223 1146 1282 aelionis
1169 1239 1258 1297 quam

101 1322 233 1384 imitatur
254 1329 340 1396 poeta
363 1328 423 1380 erte
446 1322 520 1380 facta
543 1324 639 1381 omnis
663 1333 722 1384 est:
746 1328 782 1383 ad
805 1343 892 1399 quiam
916 1341 973 1385 non
998 1327 1256 1400 agentiumsolum

100 1442 201 1484 mores
225 1424 333 1484 laniunt
355 1417 410 1494 (τὰ
434 1411 519 1506 ἤθη)
553 1425 666 1484 fabulae
701 1445 788 1500 quam
822 1429 904 1501 quassi
934 1429 1077 1486 deliniunt
1109 1428 1258 1487 subiectae

100 1527 197 1598 (Poet.
215 1525 244 1586 6.
268 1527 304 1584 cf.
320 1523 413 1598 1450,
430 1523 480 1584 at.
498 1523 526 1585 5.
544 1525 727 1602 1449637)
756 1533 808 1589 sed
838 1531 932 1604 ipsius
959 1531 1047 1588 etiam
1081 1549 1169 1605 quarn
1193 1533 1258 1590 imi·
1333 1549 1337 1552 ·

99 1635 201 1688 tantur
222 1628 344 1686 ardonis
367 1628 450 1701 ratio,
474 1645 549 1701 quae
573 1647 613 1689 sc.
637 1640 687 1690 ant
709 1633 834 1706 simplex
849 1635 888 1692 sit
903 1641 953 1691 aut
971 1650 1024 1706 per
1038 1624 1259 1720 ἇναγνώρισιν

7 1811 10 1820 Ι
101 1739 132 1789 et
155 1724 371 1811 περιπέτειαν
398 1731 560 1805 composita
589 1741 637 1791 aut
661 1735 814 1807 pathetica.
860 1737 901 1792 Ex
926 1735 1033 1808 quillus
1057 1739 1171 1797 fabulae
1192 1755 1259 1812 par-

101 1833 188 1892 tinus
205 1841 330 1914 quatuor
351 1834 400 1892 illa
422 1835 634 1908 tragoediarum
659 1838 735 1896 sicut
757 1845 786 1896 et
798 1839 896 1912 spicae
908 1837 1010 1910 poesis
1022 1839 1062 1910 (a.
1076 1838 1133 1911 24)
1150 1855 1258 1912 genera

77 1939 80 1944 ’
104 1936 230 1995 evadunt
253 1938 292 2008 (a.
309 1931 360 1996 18.
378 1937 413 1993 el.
428 1934 498 2009 11),
522 1955 613 2010 quarm
636 1940 730 1997 latiori
754 1957 844 1998 sensu
867 1949 894 1998 et
917 1957 1014 1998 mores
1037 1941 1159 2014 sintpro
1175 1951 1257 2015 parta

100 2036 228 2108 tabulae,
251 2037 326 2099 aaut
349 2027 448 2119 naida
472 2035 592 2110 (119ιι.
610 2042 645 2099 ef.
660 2040 753 2113 1450,
764 2041 815 2102 30,
840 2044 869 2100 in
893 2043 1001 2116 qrribus
1024 2051 1159 2104 versatur
1180 2034 1257 2105 διά-

99 2156 178 2199 νοια
196 2135 288 2212 1450,
303 2138 331 2200 6.
344 2139 419 2199 611.
436 2139 608 2202 1449638.
622 2145 657 2201 el.
671 2160 695 2202 c.
709 2143 775 2218 19),
811 2145 998 2218 serviuntque
1021 2161 1119 2203 meras
1142 2146 1257 2205 fabulae

99 2249 134 2300 ut
157 2257 255 2302 sermo
282 2234 484 2316 mariansis.
501 2243 567 2316 17).
613 2247 665 2304 Est
692 2247 769 2306 enim
804 2249 875 2306 haee
908 2265 1009 2307 aarum
1041 2249 1166 2323 partium
1190 2233 1258 2321 (οἷς

98 2332 147 2416 ὡς
167 2333 277 2405 εἴδεσι
299 2339 353 2404 δεῖ
370 2342 534 2426 χρῆσθαι)
563 2364 638 2420 quae
665 2365 724 2406 non
753 2358 821 2408 sunt
846 2358 944 2423 partes
971 2352 1134 2410 secundum
1163 2366 1257 2424 quan-

98 2449 213 2508 ritatem
236 2463 290 2506 nee
313 2446 389 2506 inter
411 2464 443 2506 se
466 2451 644 2522 separandae
658 2449 740 2524 (12),
765 2460 796 2510 ut
818 2460 916 2526 partes
932 2455 1022 2513 totius
1038 2453 1154 2527 possint
1170 2452 1257 2510 etlam

98 2551 158 2610 diei
180 2549 271 2622 partis
293 2556 391 2622 partes
414 2558 442 2607 et
465 2568 540 2624 quae
563 2555 650 2611 mode
674 2563 771 2628 partes
788 2556 1007 2629 tragoediac(e.
1021 2551 1118 2627 616)
1137 2555 1258 2614 eaedem

98 2669 170 2714 mox
198 2659 296 2726 partas
324 2652 437 2710 fabulae
460 2651 533 2728 (11)
566 2655 673 2728 quailtus
700 2657 732 2714 iit
758 2648 843 2719 ποιά
869 2677 929 2730 τις.
981 2658 1163 2732 Quapropter
1189 2664 1265 2732 post-

97 2755 353 2816 anumamtionam
387 2755 510 2827 partium
547 2773 622 2830 quaa
654 2766 724 2815 sunt
756 2759 922 2832 tragoediae
956 2759 1017 2816 sive
1047 2763 1258 2818 elementorum

98 2861 141 2931 (c.
158 2857 195 2930 6)
219 2859 255 2916 de
277 2859 377 2931 mytho
401 2858 462 2916 sive
486 2859 583 2916 lanula
598 2860 693 2932 agitur
708 2875 731 2917 e.
748 2859 863 2932 7-17,
886 2861 924 2919 ita
942 2861 1060 2934 uiridem
1076 2869 1108 2919 ut
1124 2857 1258 2922 absoluta

99 2960 300 3034 disputatione
327 2961 364 3017 de
391 2961 506 3018 fabulae
533 2961 723 3034 amplitudine
746 2960 806 3034 (7),
835 2963 945 3020 unitate
969 2959 1029 3036 (8),
1058 2963 1087 3020 in
1115 2963 1256 3022 imitando

98 3062 216 3124 ratione
240 3061 305 3136 (9),
333 3063 492 3136 generibus
516 3060 652 3135 (ll-*Ml
679 3070 707 3120 et
734 3064 865 3136 partibus
892 3065 954 3124 sive
981 3063 1162 3124 sectionibus
1185 3063 1258 3140 (12)

99 3165 212 3238 quibus
235 3164 402 3238 tragoediae
426 3164 532 3223 divisio
555 3173 673 3224 externa
696 3166 870 3239 continetur,
895 3170 931 3226 da
954 3167 1018 3240 ipsa
1034 3169 1161 3240 dentque
1175 3181 1258 3226 eom·

99 3265 250 3340 positione
274 3264 446 3340 (tit-ua),
475 3269 618 3326 addantur
647 3269 789 3339 quaedam
818 3285 892 3343 quae
919 3279 948 3328 et
975 3269 1039 3343 ipsa
1066 3271 1102 3326 ed
1131 3270 1259 3328 fabulam

99 3369 250 3443 pertinent
277 3371 313 3428 de
342 3369 473 3428 moribus
501 3369 719 3426 conformandis
747 3379 899 3444 praecepta
922 3369 1009 3443 (15),
1046 3371 1260 3430 donandorum

100 3472 326 3531 enumeratione
353 3473 462 3545 quibus
490 3471 519 3528 sit
546 3458 765 3551 ἀναγνώρισις
787 3503 828 3513 -
858 3489 933 3546 quiae
960 3489 1047 3546 supra
1076 3473 1133 3528 iam
1156 3471 1260 3530 ‹letini-

99 3574 184 3634 tione
220 3575 284 3632 eius
318 3581 346 3632 et
380 3591 437 3634 usu
466 3573 599 3645 exposito
635 3589 724 3646 quum
758 3590 818 3632 non
852 3575 887 3632 ad
915 3575 1009 3648 ipsam
1036 3573 1260 3647 compositionis

99 3676 247 3735 rationem
270 3675 375 3734 iaciant
397 3676 445 3734 hie
467 3677 586 3734 dearum
609 3682 675 3748 apte
699 3677 831 3734 subnexa
854 3683 1053 3734 memorantur
1072 3673 1144 3749 (16)
1167 3707 1208 3720 *-
1231 3683 1261 3736 et

100 3779 138 3834 de
162 3776 228 3836 eliis
252 3777 429 3849 quibusdam
452 3773 581 3850 (α.17);
604 3778 691 3849 plane
714 3778 792 3836 enirn
815 3780 923 3838 errabit
945 3779 969 3838 si
993 3779 1060 3852 quis
1082 3786 1172 3851 ponat
1194 3785 1261 3838 anta

101 3897 125 3938 c.
145 3877 187 3940 19
210 3879 330 3940 breuem
353 3879 431 3938 illam
458 3881 495 3938 de
518 3879 649 3938 moribus
677 3880 707 3937 ἰιι
730 3880 827 3938 labaala
854 3880 1031 3938 necessariis
1057 3880 1190 3939 notitiam
1213 3883 1262 3954 (ut

102 3983 233 4056 Spengel
255 3983 329 4042 dher
344 3982 431 4041 Arist.
448 3982 548 4040 Poetil
564 3999 592 4055 p.
609 3978 670 4041 245
685 3983 775 4055 squ).
820 3983 881 4040 iarn
905 3997 973 4039 vero
998 3984 1076 4054 quod
1099 3984 1136 4040 ad
1148 3975 1261 4042 ceteras

101 4083 272 4158 tragoediae
304 4093 415 4161 partas,
449 4100 525 4158 quae
558 4084 678 4142 eaedem
712 4091 740 4142 ct
773 4084 935 4142 rhetoricae
969 4078 1100 4142 suntet
1129 4073 1262 4155 poeticae

103 4178 240 4250 διάνοια
265 4193 293 4247 et
316 4181 406 4260 λέξις
430 4187 460 4245 in
491 4193 551 4244 arte
578 4184 722 4244 rhetorica
750 4193 783 4243 ut
809 4184 1021 4242 universaliora
1052 4185 1148 4257 aptius
1170 4199 1262 4258 eupo-

104 4299 230 4366 uuutur,
262 4289 320 4350 nisi
347 4289 427 4362 pand
454 4289 623 4348 necessarie
647 4289 790 4360 quaedam
812 4295 912 4344 monet
934 4288 971 4344 de
993 4278 1106 4358 poetica
1131 4275 1263 4345 oratione

104 4401 252 4467 uramara
275 4408 294 4454 a
313 4390 458 4455 rhetorica
474 4391 595 4454 dinosa
606 4397 668 4475 aaa
689 4405 764 4464 qma
781 4405 835 4448 cue
850 4388 881 4446 in
898 4390 954 4447 hnc
965 4371 1265 4452 temporaraneum

1014 4487 1057 4552 ps
