3072 5164
229 1402 399 1516 Librorum
427 1458 509 1517 loisis
536 1458 707 1518 auctoribus
734 1466 784 1516 aut
810 1472 911 1517 errore
938 1467 988 1518 aut
1014 1441 1138 1518 consilio
1162 1461 1285 1534 supposi

144 1572 240 1621 torum
263 1561 476 1620 tenacissimum
500 1563 528 1620 in
552 1562 689 1620 universa
706 1561 882 1620 Graecarum
905 1562 1054 1621 literarum
1071 1563 1192 1622 historia
1208 1563 1299 1622 inisse

142 1665 275 1724 seculum
298 1662 370 1720 illud
393 1670 422 1721 et
444 1664 569 1722 maxime
593 1663 684 1722 seculi
708 1663 822 1721 initium
846 1665 926 1737 qnod
948 1664 1079 1723 interluit
1098 1665 1175 1723 inter
1188 1665 1301 1724 Aristo·
1388 1709 1393 1722 .

141 1766 208 1824 telis
231 1771 259 1824 et
281 1763 438 1822 Alexandri
460 1773 571 1823 mortes
594 1779 778 1837 regnumque
800 1765 878 1824 tertii
893 1765 1051 1824 Ptolemaei
1075 1765 1169 1839 (circa
1184 1765 1298 1840 Olymp.

141 1863 337 1937 tto-tto),
360 1872 389 1923 et
411 1864 555 1939 exemplis
578 1881 666 1938 quam
688 1864 822 1938 plurimis
846 1867 945 1926 doceri
968 1874 1065 1941 potest
1080 1874 1109 1925 et
1123 1882 1177 1941 per
1192 1882 1225 1925 se
1239 1868 1301 1925 reri

142 1974 187 2026 est
209 1966 400 2025 simillimum.
444 1967 643 2024 praecedebat
664 1965 742 2024 enirn
766 1973 888 2026 aetatem
912 1969 988 2027 banc
1003 1967 1229 2026 Alexandrinam
1244 1967 1301 2026 cri-
1399 2033 1405 2042 ,

142 2068 229 2128 ticam
251 2065 451 2139 historiaeque
473 2066 614 2126 intentam
637 2075 666 2126 et
688 2067 739 2140 qui
761 2067 826 2125 eins
850 2069 933 2142 quasi
956 2077 1039 2143 pater
1054 2077 1100 2128 est
1114 2069 1300 2128 Aristotelem

141 2169 352 2244 philosophum
375 2173 407 2225 ut
428 2167 468 2225 ita
490 2168 584 2226 dicam
608 2168 782 2227 historicum
809 2177 889 2228 aetas
911 2170 1056 2228 rhetorica
1080 2176 1109 2228 et
1130 2167 1249 2243 politica
1270 2167 1301 2226 in

143 2270 264 2328 Platone
286 2268 465 2343 philosopho
488 2277 604 2328 oratore
626 2270 717 2340 finita
740 2270 825 2329 auius
841 2272 943 2331 aetatis
959 2279 988 2330 et
1003 2272 1068 2346 ipsa
1083 2268 1227 2343 sapientia
1241 2283 1302 2328 non

142 2371 239 2429 solum
262 2376 427 2429 ceterorum
451 2371 649 2445 sophistarum
673 2372 727 2430 sed
742 2373 958 2431 Socraticorum
982 2373 1068 2431 etiam
1089 2371 1222 2431 omnium
1237 2385 1302 2428 ora·

142 2471 248 2531 toriam
269 2472 358 2530 habet
380 2471 510 2544 speciem
534 2471 682 2546 tinemque
706 2473 766 2530 iere
788 2473 949 2546 politicum,
973 2481 1003 2532 et
1024 2474 1121 2532 omnis
1145 2474 1205 2532 lere
1227 2472 1301 2532 ratio

142 2563 306 2648 ἐπίδειξις
336 2579 382 2630 est
407 2579 439 2630 ut
470 2573 506 2630 ad
533 2575 680 2647 agendum
708 2575 977 2649 inveniendumque
1006 2583 1112 2650 potens
1140 2575 1178 2634 ita
1207 2573 1301 2633 imila-

141 2684 237 2734 tornm
269 2681 299 2734 et
324 2675 536 2732 aemulatorum
569 2675 694 2734 lecnnda
725 2676 928 2750 librorumque
955 2691 1063 2750 parens
1091 2677 1156 2736 sine
1182 2676 1302 2734 nomine

143 2777 270 2835 auctoris
292 2777 374 2834 nullo
397 2776 563 2850 aequalium
586 2775 684 2834 studio
707 2778 809 2836 critico
832 2778 946 2836 dolensi
962 2778 1198 2837 circumlatorum
1215 2777 1301 2850 eique

145 2876 270 2935 maxime
296 2877 346 2950 qni
372 2876 404 2935 in
432 2893 550 2952 quoque
578 2892 686 2951 genere
714 2893 848 2937 summus
876 2885 956 2937 esset
982 2879 1167 2938 tributorum.
1218 2876 1300 2946 Quos

145 2991 248 3036 omnes
270 2977 415 3052 arripiens
438 2979 520 3038 rudis
542 2979 573 3038 in
597 2978 793 3037 discernendo
810 2979 942 3040 doctrina
958 2987 987 3039 et
1001 2977 1157 3055 colligendi
1173 2979 1299 3054 primum

143 3079 225 3138 arida
253 3077 317 3152 ipsa
343 3079 398 3138 hnc
427 3081 584 3155 colligendi
613 3080 780 3156 cupiditate
800 3089 830 3140 et
855 3083 969 3154 studio,
996 3099 1087 3157 quum
1115 3089 1200 3141 aucta
1222 3089 1302 3140 esset

143 3179 341 3255 colligentium
365 3188 394 3239 et
415 3183 605 3242 vendentium
628 3183 777 3257 diligentia
800 3182 862 3241 reri
884 3183 1042 3256 incuriosa,
1065 3183 1191 3257 augebat
1211 3182 1302 3240 libro·

144 3299 206 3342 rum
235 3282 308 3340 ialsa
335 3281 503 3342 coniectura
533 3273 743 3358 inscriptorum
770 3301 940 3356 numerum,
974 3301 1123 3360 propensa
1151 3291 1301 3359 praeterea

143 3384 295 3444 bominum
318 3382 458 3456 opinione
480 3386 516 3443 nd
539 3393 671 3445 veterum
694 3393 845 3444 anctorum
869 3386 1090 3446 admirationem
1113 3385 1153 3445 ita
1175 3394 1208 3445 ut
1225 3385 1301 3444 iacili

145 3484 262 3560 negotio
289 3484 377 3541 iidem
405 3495 572 3546 assererent
598 3486 682 3546 libris
712 3501 839 3560 quorum
866 3493 1001 3546 auctores
1032 3487 1128 3547 dedita
1157 3503 1246 3564 opera
1273 3493 1303 3544 et

145 3586 199 3661 ipsi
222 3585 416 3645 admiratione
439 3589 532 3662 magis
555 3603 642 3662 quam
667 3588 735 3646 dolo
758 3573 835 3645 malo
851 3588 989 3646 commoti
1004 3594 1140 3647 recentes
1155 3595 1301 3648 aeclmum

145 3688 300 3763 opiniones
322 3687 466 3746 relerrent
487 3689 517 3747 in
540 3690 728 3764 antiquorum
750 3688 903 3758 nominum
926 3687 1033 3747 iabulis
1054 3695 1223 3748 ornatorum
1240 3690 1303 3763 glo-

145 3789 215 3848 riam
244 3788 442 3862 propriosque
469 3790 562 3850 libros
590 3798 762 3864 argumento
792 3788 996 3862 sententiaque
1018 3791 1131 3850 similes
1154 3805 1304 3849 commen-

145 3891 279 3952 darent..
311 3888 370 3948 Nec
399 3891 544 3950 absimilis
576 3898 622 3950 est
651 3891 709 3950 iam
743 3890 812 3948 inde
841 3890 878 3947 ab
908 3890 1065 3950 Aristotele
1098 3892 1302 3967 philosophiae

144 3992 295 4050 historiam
319 3992 516 4050 enarrantium
539 3993 623 4063 ratio,
648 3992 759 4052 scilicet
774 3998 806 4049 ut
821 3991 1032 4060 sententiarum
1047 3994 1223 4068 cognatione
1238 3993 1303 4051 irati

144 4094 231 4152 verbn
243 4092 352 4166 quibus
363 4093 488 4151 dirersis
499 4093 652 4167 magisque
661 4093 832 4166 adaequatis
843 4094 940 4152 omnis
952 4095 1225 4172 ierephilosophiae
1235 4110 1304 4169 pro-

145 4209 250 4254 cessus
266 4193 434 4252 continetur
450 4195 641 4268 negligerent.
677 4193 863 4253 Accedebant
874 4195 981 4254 deinde
991 4204 1122 4258 veterum
1135 4211 1194 4254 non
1206 4197 1302 4256 solum

143 4303 298 4372 poetarum
321 4301 351 4354 et
372 4294 579 4354 historicorum
608 4296 661 4356 sed
689 4296 776 4354 etiam
804 4297 985 4356 modicorum
1009 4305 1038 4356 at
1059 4299 1303 4372 pbilosophorum

144 4397 174 4456 in
203 4411 290 4456 usum
320 4396 518 4471 posteriorum
547 4397 637 4456 iactae
668 4397 729 4455 sive
756 4397 948 4456 recensiones
977 4397 1039 4456 siva
1070 4399 1305 4458 abbreviationes

189 4519 256 4562 itone
275 4511 303 4559 de
316 4511 382 4561 libris
396 4510 535 4559 Aristotelis.
1082 4499 1098 4558 1
