3036 5164
640 313 715 392 '113

100 502 238 560 stoteles.
288 495 364 570 lliuit
397 501 469 560 illud
496 501 693 575 Apollodorus
727 511 754 561 et
785 504 895 576 posteri
928 520 1046 564 eurnes-
1066 503 1259 564 crediderunt.

99 601 249 661 Nimirum
272 603 419 662 Platonem
443 603 553 662 audivit
575 603 758 675 Aristotcles,
781 605 929 678 sophistas
947 621 1016 664 vero
1028 614 1057 665 et
1069 607 1262 680 philosophos

99 704 187 762 adire
210 703 278 764 inde
306 705 342 763 ab
364 704 506 777 ephebiae
534 705 594 764 lere
620 711 753 779 ternpore
776 706 877 764 Graeci
904 708 1111 766 adolescentes
1135 723 1263 766 consue-

97 813 224 876 verunt,
260 805 360 880 viginti
393 822 463 880 ergo
492 821 586 866 annos
608 807 730 866 Athenis
757 823 826 866 cum
848 807 968 866 Platone
997 808 1113 868 luitah
1136 808 1263 868 ea'inde

98 914 200 966 aetate
233 924 292 980 qua
323 908 451 982 primum
484 907 688 982 philosophiae
722 925 840 982 operam
875 908 995 967 dedisse
1028 924 1096 968 eum
1122 927 1176 984 pac
1202 919 1265 970 erat

98 1023 202 1081 usqne
228 1009 316 1068 adid
340 1017 457 1084 ternpus
483 1025 544 1083 quo
570 1009 635 1083 ipse
662 1011 803 1084 magister
829 1011 887 1068 rim
913 1011 1068 1068 defunctus
1096 1012 1263 1070 successori

98 1108 198 1168 cessit
219 1125 273 1182 pro
295 1109 509 1170 Alexandrinae
530 1111 633 1170 aetatis
656 1128 738 1171 more
763 1120 834 1170 tune
856 1127 893 1170 ex
914 1111 1060 1184 discipulo
1083 1112 1263 1172 scholarcha.

100 1209 202 1268 Simili
223 1210 335 1270 ratione
362 1227 453 1285 quum
475 1213 640 1274 Aristotelis
668 1215 883 1274 consuetudine
911 1229 998 1272 usum
1025 1214 1118 1272 luisse
1139 1212 1266 1270 Alexan-

101 1313 193 1370 drum
216 1312 404 1372 notissimum
427 1321 516 1386 esset,
540 1331 557 1375 a
578 1315 671 1389 prima
694 1316 767 1390 regii
791 1315 873 1390 pueri
897 1315 1064 1388 quindecim
1088 1329 1182 1374 annos
1205 1313 1265 1370 uati

101 1413 306 1472 adolescentia
329 1416 482 1488 usquead
505 1415 631 1490 Philippi
658 1426 781 1476 mortem
809 1417 920 1490 filiique
946 1418 977 1474 in
998 1431 1123 1491 reguum
1146 1429 1267 1474 succes-

102 1515 224 1574 sionem
257 1524 478 1590 praeceptorem
511 1517 593 1576 illurn
621 1518 714 1576 luisse
737 1518 876 1577 continuo
900 1519 1050 1593 fingebant
1071 1518 1110 1576 ita
1131 1525 1164 1574 ut
1185 1524 1267 1590 post-

103 1631 199 1690 quam
221 1617 257 1675 ab
280 1616 324 1676 el.
343 1615 416 1688 109,
434 1617 453 1676 2
468 1649 511 1659 -
526 1615 634 1690 111,2
661 1621 691 1678 in
713 1621 883 1680 Macedonia
911 1628 1045 1679 versatus
1072 1619 1159 1678 luerit
1185 1627 1214 1678 et
1237 1619 1265 1676 iu

104 1719 191 1792 regia
212 1719 309 1776 Pellae
331 1719 407 1791 aula,
429 1734 507 1778 anuo
530 1721 649 1780 demum
671 1719 842 1794 01.111,1
865 1737 988 1780 ruuncre
1004 1723 1121 1794 iunctus
1137 1719 1267 1777 Athenas

104 1819 234 1878 rediisse
262 1819 431 1892 Apollodori
466 1821 635 1881 coniectura
662 1823 833 1882 Aristoteles
867 1821 1022 1880 diceretur.
1073 1822 1145 1880 Nam
1174 1826 1205 1878 ut
1232 1821 1268 1878 de

107 1927 272 1982 ceterorum
306 1921 395 1978 huius
428 1923 555 1982 maxime
590 1924 691 1983 aetatis
726 1925 903 1998 scriptorum
931 1922 998 1982 ritis
1025 1923 1055 1981 id
1082 1923 1144 1980 lere
1171 1921 1268 1980 solum

107 2021 263 2080 censebat
284 2037 343 2094 qno
365 2023 492 2096 quisque
514 2039 591 2084 auno
615 2033 749 2084 mortuus
772 2033 852 2084 esset
873 2025 913 2084 ita
935 2024 1022 2084 etiam
1045 2025 1081 2082 dc
1103 2022 1267 2082 Aristotele.

106 2124 182 2184 lnde
215 2131 293 2183 retro
327 2124 457 2184 calculos
491 2126 647 2186 ducebant.
691 2126 793 2186 Annos
820 2135 921 2186 natum
949 2125 1101 2200 sexaginta
1128 2132 1189 2184 tres
1210 2125 1270 2183 rita

106 2226 194 2284 illum
217 2222 387 2296 01.114,3
409 2226 578 2287 decessisse
600 2229 714 2303 accepit
734 2227 931 2302 Apollodorus
954 2229 1091 2302 idemque
1114 2227 1270 2286 Philocho-

106 2343 177 2386 rus:
201 2333 287 2386 natus
309 2343 380 2401 ergo
403 2327 457 2386 luit
469 2327 513 2386 Ol.
530 2328 581 2401 99,
600 2305 620 2390 1
630 2329 800 2388 etPlatonis
812 2337 845 2387 ut
857 2329 906 2387 illc
919 2327 1270 2416 coniiciebatdiscipules

105 2443 207 2504 usque
229 2429 267 2486 ad
288 2445 314 2486 a
338 2428 382 2487 Ol.
400 2426 473 2502 108,
490 2427 518 2488 1.
564 2433 670 2491 Verum
698 2431 724 2490 si
752 2439 851 2489 certus
885 2437 931 2488 est
963 2430 1066 2488 mortis
1092 2443 1203 2500 annus,
1232 2444 1270 2488 ne

105 2522 256 2592 annerum
279 2531 399 2604 quidem
421 2547 576 2591 numerum
604 2539 683 2592 certo
710 2533 881 2592 testimonio
906 2531 1077 2590 constitisse
1106 2533 1191 2590 docet
1213 2531 1271 2614 Eu7

106 2636 208 2693 melus
228 2632 439 2706 Peripateticus
462 2665 503 2674 -
526 2633 576 2707 qui
599 2634 720 2706 quidem
742 2642 844 2692 auctor
866 2633 1082 2692 Alexandrinus
1105 2641 1137 2690 ut
1159 2640 1272 2706 putoet

107 2735 186 2796 satis
219 2735 358 2807 antiquus
391 2740 508 2807 praeter
529 2735 561 2792 u.
578 2730 610 2792 L.
628 2731 693 2806 5‚e
722 2735 828 2794 citatur
854 2735 932 2808 apud
960 2735 1057 2793 Schol.
1081 2735 1111 2792 iu
1133 2734 1270 2794 Aeschin.

108 2839 256 2898 Timarch.
280 2853 309 2910 p.
325 2831 389 2894 230
411 2835 500 2892 Bell.
522 2837 600 2894 Berl.
624 2836 705 2896 acad.
728 2831 925 2896 ahhdl.1836
949 2821 1114 2916 (Εὔμηλος
1137 2824 1155 2894 ὃ
1177 2851 1272 2916 περι-

107 2930 296 3021 πατητικὸς
318 2929 353 2998 ἐν
374 2935 420 3018 τῷ
440 2927 540 3021 τρίτῳ
562 2930 640 3019 περὶ
660 2935 719 3020 τῆς
740 2926 881 3015 ἀρχαίας
898 2927 1077 3018 κωμῳδίας
1088 2926 1189 3019 appula
1201 2932 1271 3019 etc.)

109 3041 230 3116 -qui
253 3040 439 3114 septuaginta
461 3030 556 3098 annos
578 3039 704 3112 accepit:
728 3045 825 3125 natus]
838 3055 908 3114 ergo
931 3038 1046 3099 sulcet.
1062 3037 1113 3112 91,
1130 3037 1164 3111 9;
1187 3039 1273 3098 docet

69 3130 73 3136 ’
106 3144 308 3204 Philochorus
331 3141 380 3214 qui
404 3157 464 3201 sec.-
487 3141 602 3216 olymp.
626 3142 657 3200 in
680 3141 737 3200 vita
759 3141 889 3199 Nunncs.
905 3141 1092 3215 quorundam
1104 3139 1273 3213 opinionem

108 3247 243 3307 relatore
264 3251 388 3304 conatus
411 3249 456 3300 est
478 3236 669 3316 quadraginta
691 3258 786 3303 anuos
809 3243 865 3300 suh
888 3243 1008 3302 Platone
1023 3240 1274 3300 moratumluisse

108 3347 300 3408 Aristotelem
323 3351 475 3417 „tempore
499 3342 619 3402 Odoxii'’
653 3343 709 3420 (sic
730 3343 773 3400 lo.
797 3344 881 3416 Wal.‚
904 3344 1018 3404 Eudoxi
1041 3341 1151 3420 Nunu.)
1174 3343 1274 3402 dicen-

109 3451 200 3519 tium,
228 3462 320 3521 quum
343 3444 471 3518 vulgaris
493 3444 594 3518 opinio
616 3444 849 3517 quadragenario
872 3445 1029 3504 Aristotele
1052 3445 1202 3502 Platonem
1224 3445 1276 3502 de·

108 3547 247 3610 cessisse
269 3547 366 3605 terret.
410 3545 470 3604 Nec
491 3553 571 3604 certe
593 3545 686 3619 magis
708 3545 814 3619 reliqui
836 3544 1006 3619 Apollodori
1029 3544 1065 3602 de
1087 3545 1177 3604 rebus
1199 3545 1276 3604 vitae

111 3650 184 3710 eius
212 3648 326 3706 numeri
353 3647 491 3706 audiendi
518 3654 602 3717 sunt,
635 3646 744 3720 quippe
766 3661 843 3720 quos
865 3661 902 3704 ex
924 3645 989 3704 eius
1012 3661 1080 3704 cum
1102 3645 1276 3720 aequalibus

110 3749 198 3810 velut
219 3747 384 3808 Alexandro
416 3747 594 3807 commercio
617 3762 698 3806 mera
719 3745 889 3806 coniectura
910 3747 1010 3821 posuit
1031 3747 1080 3806 ille
1103 3753 1225 3807 secutus
1245 3755 1277 3805 ut

111 3852 207 3912 eredo
240 3851 429 3925 epistolarum
462 3849 542 3908 1llarn
570 3847 735 3908 delitiarum
758 3849 961 3908 collectionem
984 3849 1211 3923 amplissimam,
1245 3849 1277 3906 iu

112 3968 179 4028 qua
206 3960 236 4012 et
260 3951 427 4012 Aristotelis
461 3957 491 4008 et
523 3951 613 4008 huius
646 3949 857 4023 discipulorum
892 3949 1034 4022 epistolae
1065 3955 1095 4008 et
1120 3948 1278 4006 Alexandri

114 4055 245 4128 eiusque
266 4054 392 4112 rnilitum
415 4059 443 4111 et
466 4051 700 4125 propinquorum
723 4051 892 4110 lerehantur
913 4051 1057 4124 plurimae
1071 4047 1279 4108 brevissimae-

115 4170 194 4230 que,
223 4154 372 4214 historicis
399 4168 459 4212 non
492 4151 612 4226 quidem
635 4151 755 4211 inutiles
785 4153 895 4226 quippe
921 4167 960 4210 ex
988 4151 1096 4226 quihus
1118 4149 1279 4224 plurimum

116 4255 219 4316 hausit
252 4255 281 4312 in
315 4255 374 4312 vita
401 4253 557 4314 Alexandri
586 4251 634 4330 (cl.
662 4269 687 4310 c.
715 4251 744 4312 7.
766 4249 796 4312 8.
819 4239 1277 4314 necessitarem.

117 4354 172 4418 55.
188 4354 242 4434 57)
267 4356 345 4416 sieut
366 4367 401 4413 en
425 4355 555 4414 Platonis
578 4354 764 4427 epistolis.in
788 4354 845 4412 rito
858 4353 963 4412 [tionis
972 4333 1144 4410 Plutarchus
1166 4352 1279 4424 probus

165 4479 232 4522 nau
250 4470 279 4520 aa
292 4470 357 4519 treas
372 4469 512 4519 castorea.
1055 4451 1077 4512 8

1187 4668 1239 4732 'a
