3072 5164
691 373 730 436 15

132 542 328 606 iamhiichuor
357 544 551 618 pertinentem
579 551 667 617 atqua
695 546 725 604 ia
752 545 946 626 Christianam
974 545 1254 618 Buddhistiramque
1264 539 1289 616 ¹)

134 646 356 708 similitudinem
395 633 646 720 imitationemque
676 647 834 708 abeuntem
865 679 906 690 -·-
939 649 969 708 in
1002 649 1078 708 hanc
1109 647 1197 720 igitur
1223 646 1289 706 illu·

135 748 284 807 strandum
307 763 383 810 nova
405 755 473 820 post
494 748 683 808 Meinersium
704 748 795 808 multa
817 749 969 813 arbitrario
992 750 1149 823 lingentem
1165 747 1289 806 iontirum

134 849 285 923 Porphyrii
308 854 338 908 et
358 849 511 908 Jamhlichi
534 850 708 910 recensione
730 865 806 922 opus
829 857 883 908 est.
1211 910 1215 914 ,

221 951 260 1010 ιιι
287 948 345 1010 iam
377 950 474 1010 omnis
508 952 568 1012 iera
603 951 723 1010 historia
750 951 980 1026 Pythagoreismi
1012 952 1042 1010 in
1073 950 1289 1026 cognoscendis

134 1051 351 1112 Platonicorum
385 1051 490 1112 studiis
524 1053 620 1126 posita
653 1060 699 1111 est
732 1059 761 1110 et
794 1052 1006 1112 mathematicis
1040 1059 1069 1112 et
1104 1050 1289 1125 theologicis,

135 1151 243 1226 quihus
266 1153 374 1210 lactum
395 1159 444 1210 est
465 1159 497 1212 ut
510 1154 621 1226 posteri
637 1153 814 1214 Aristotellci
830 1155 930 1214 iudicii
945 1152 1116 1214 auctoritate
1132 1153 1289 1211 accedente

137 1269 211 1326 quaa
234 1253 382 1314 Platonica
404 1260 475 1314 suut
496 1254 594 1314 omniu
617 1256 677 1316 lere
693 1273 709 1318 a
724 1254 844 1316 Platone
859 1257 1040 1331 Pythagoreo
1055 1254 1119 1327 (dr.
1133 1254 1198 1314 het.
1212 1251 1241 1323 l,
1254 1251 1289 1324 6)

137 1356 174 1414 ad
196 1355 293 1427 ipsum
316 1355 460 1414 referrent
481 1355 684 1430 Pythagoram,
708 1355 1012 1430 confirmatiquidern
1034 1357 1065 1414 in
1081 1357 1135 1416 huc
1150 1355 1290 1428 opinione

137 1465 253 1515 marum
279 1455 450 1530 ingeniique
476 1471 545 1516 cum
571 1457 733 1533 Pythagora
755 1457 932 1530 Empedocle
953 1488 997 1500 -
1018 1471 1078 1518 uon
1100 1441 1219 1529 quidem
1242 1457 1291 1518 illa

136 1558 216 1629 quod
238 1558 323 1616 docet
343 1557 507 1618 ¹Heraclitus
535 1575 657 1618 severus
684 1567 714 1619 et
735 1559 878 1634 mysticus
901 1559 1067 1618 Dorica-
1090 1559 1289 1618 similitudine.

136 1658 187 1719 usu
209 1657 289 1718 euim
311 1660 358 1717 vel
380 1659 548 1718 dialecticae
571 1661 699 1720 Platonis
722 1662 838 1722 initium
860 1665 890 1718 et
911 1659 978 1720 linis
1000 1667 1148 1734 tamquam
1164 1660 1290 1720 rhetoris

137 1759 251 1820 ethicus
273 1765 303 1818 ει
324 1759 550 1833 paedagogicus,
574 1769 621 1822 ast
641 1764 739 1822 omnis
766 1763 793 1820 ei
816 1761 1001 1836 philosophia
1025 1760 1177 1834 religionis
1199 1763 1292 1822 instar

137 1878 194 1935 qua
215 1862 324 1920 mentis
346 1862 375 1919 in
399 1863 576 1922 universum
592 1866 735 1924 mundum
760 1869 910 1936 tamquam
932 1861 1085 1922 cuiusdam
1108 1863 1216 1922 summi
1243 1864 1290 1922 dei

136 1962 260 2036 imperio
292 1963 410 2034 cognito
438 1963 590 2024 hominum
621 1967 709 2026 etiam
740 1965 871 2024 actiones
904 1963 1114 2022 devinciuntur.
1164 1965 1206 2024 Ex
1233 1981 1290 2038 qua

136 2065 234 2124 indole
257 2064 406 2125 doctrinae
428 2064 593 2124 Platonicae
616 2068 693 2140 apud
715 2067 881 2124 Platonicos
903 2065 1030 2139 primum
1053 2073 1120 2125 nutu
1141 2073 1187 2126 est
1208 2068 1291 2126 theo-

136 2165 231 2238 logiae
264 2165 421 2239 disciplina
451 2181 511 2226 nou
550 2167 669 2240 quidem
702 2168 925 2241 superstitiosae
957 2197 1000 2208 -
1031 2169 1110 2240 quod
1144 2175 1176 2226 ut
1208 2168 1291 2228 abest

136 2255 344 2326 ellenocrate
376 2267 496 2326 homine
528 2267 624 2340 logico
657 2270 693 2328 ah
727 2269 893 2341 ineptarum
925 2267 1100 2341 religionum
1132 2270 1291 2343 opprobrio

136 2365 263 2428 maxime
285 2373 399 2426 remoto
421 2367 461 2426 ita
483 2367 520 2426 da
542 2367 694 2428 Heraclide
716 2369 837 2428 Pontico
860 2384 979 2442 quoquc
1001 2378 1185 2430 narratorum
1207 2372 1291 2430 uheo

116 2543 118 2548 Ι
136 2467 317 2541 argumentis
339 2469 414 2530 male
436 2483 511 2528 usus
533 2468 649 2528 incaute
676 2468 786 2528 iudicat
808 2470 930 2530 Krische
953 2471 1087 2542 (Forsan.
1112 2473 1132 2541 l,
1148 2469 1226 2544 330)
1249 2501 1291 2514 ·-

137 2570 192 2630 sed
214 2585 295 2630 mere
317 2569 488 2640 historicae,
516 2569 661 2644 cuiusque
689 2571 757 2630 inde
780 2588 797 2631 a
818 2571 981 2632 Xenocrate
1004 2573 1170 2648 Stoicisque
1196 2590 1292 2648 usque

137 2671 174 2732 ad
197 2670 419 2732 recentissimos
440 2669 606 2732 Platonicos
628 2673 754 2748 insignis
776 2673 805 2732 iu
828 2675 1014 2748 philosophia
1030 2676 1113 2734 locus
1128 2683 1173 2736 est
1187 2661 1291 2736 auctus

138 2771 264 2832 maxime
296 2772 499 2845 philosophiae
531 2773 681 2834 orientalis
713 2789 789 2847 quae
817 2774 1008 2846 religionibus
1039 2783 1100 2834 tota
1125 2778 1293 2839 continetur

138 2873 241 2934 notitia
268 2881 297 2934 et
324 2889 391 2935 cum
418 2873 600 2938 arithmetica
629 2889 747 2947 semper
768 2875 943 2936 coniunctus
966 2877 1026 2947 (vol
1050 2879 1127 2949 opud
1151 2879 1289 2951 Stoicos).

139 2973 215 3042 uuio
238 2975 318 3048 quod
340 2976 387 3035 vel
409 2981 514 3036 cuncta
530 2975 639 3038 Graeca
654 2976 839 3049 philosophia
854 2975 947 3036 linivit
961 2977 990 3036 iu
1007 2979 1185 3038 Platonicam
1196 2980 1291 3038 Procli

138 3075 326 3150 Theologiam
349 3077 397 3136 cui
419 3084 487 3150 post
509 3076 660 3149 Orpheum
687 3077 800 3150 primus
823 3077 1001 3154 Pythagoras
1027 3083 1183 3154 theologus
1210 3079 1292 3138 Plato

138 3179 288 3238 secundus
310 3184 356 3238 est
377 3178 414 3249 (l,
429 3193 458 3250 p.
474 3174 542 3248 13),
566 3179 603 3236 de
625 3195 684 3252 quo
707 3180 826 3240 homine
847 3181 1088 3253 ingeniosissimo
1110 3189 1140 3242 ει
1160 3183 1292 3242 atheur·

139 3293 243 3352 gerum
275 3294 365 3354 grege
399 3280 485 3351 plana
518 3279 636 3339 diuerso
669 3281 715 3353 (id
742 3283 821 3356 quod
855 3283 919 3356 ipse
953 3283 1096 3358 significat
1122 3284 1222 3344 l‘heol.
1246 3285 1292 3354 lv,

214 3550 235 3616 ¹)
257 3551 291 3600 Cl.
311 3550 420 3615 hpollon.
449 3565 487 3614 op.
505 3550 590 3598 iambi.
610 3559 633 3599 ct
651 3553 727 3615 ipsum
746 3553 853 3618 apollon.
874 3555 1053 3604 Philostrataum
1073 3556 1101 3603 dc
1118 3570 1165 3618 quo
1193 3571 1211 3603 v.
1232 3555 1293 3604 Rutu

137 3653 160 3700 p·
174 3635 225 3689 209
237 3653 291 3701 sqq.
328 3635 439 3686 liuddhae
458 3635 542 3686 notitia
561 3637 635 3700 prima
654 3646 690 3686 cst
709 3639 771 3703 apud
791 3639 862 3688 Clam.
883 3639 945 3687 hieu.
965 3640 1014 3691 305
1035 3640 1098 3704 Splh.
1124 3639 1154 3689 cl.
1172 3649 1291 3704 praeterea

140 3723 242 3774 Philonis
265 3725 438 3787 stamparum
465 3723 614 3773 Weberlnd.
635 3725 729 3774 Luc-ti.
750 3725 809 3777 uoti.
847 3725 974 3776 Alieniores
999 3735 1077 3776 tamen
1100 3725 1129 3774 ab
1149 3725 1192 3774 hac
1211 3725 1293 3774 simili-
1356 3741 1357 3746 ¹

138 3811 220 3860 tudine
241 3811 266 3860 in
285 3809 346 3860 ntae
368 3808 443 3873 ipsius
465 3817 488 3858 et
510 3808 609 3860 docendi
633 3812 723 3860 ratione
747 3812 795 3862 lare
818 3813 894 3877 positu
913 3841 948 3852 -
971 3813 1293 3874 el.Lusscn1ud.hlt.ll,

138 3897 173 3948 to
186 3911 223 3960 sq.
240 3896 272 3948 el.
287 3897 329 3948 11.
343 3896 394 3951 lac
405 3904 450 3946 etc.
468 3923 503 3934 —·
522 3897 687 3948 Gnosticorum
700 3899 757 3948 mihi
770 3908 793 3948 at
806 3900 995 3952 Manichaeorum
1008 3899 1161 3964 tineosophiae
1174 3899 1292 3960 ridentum

137 3991 220 4036 contra
237 3984 299 4034 arur
318 3983 418 4032 Manich.
437 3983 486 4032 liel.
506 3983 619 4048 taesqq.
639 3985 734 4052 aliique.
771 3986 894 4042 ludoicum
913 3987 1002 4038 lontem
1015 3988 1076 4052 sapit
1088 3987 1179 4036 numeri
1193 3985 1293 4049 quadra*

136 4071 201 4136 ginta
228 4085 286 4119 usus
314 4069 436 4118 fabulosus
465 4071 549 4134 Porplr.
568 4087 586 4118 v.
608 4073 630 4119 P.
652 4073 693 4124 ud.
714 4073 746 4124 iri
773 4073 906 4123 Dicaearch.
934 4075 995 4140 apud
1015 4075 1041 4123 h.
1058 4075 1082 4122 l.
1097 4074 1122 4134 8,
1136 4073 1168 4122 tu
1193 4073 1221 4122 de
1245 4087 1292 4134 quo

135 4171 236 4206 numero
257 4155 286 4205 cl.
306 4163 399 4219 praeter
416 4157 475 4205 alios
495 4157 605 4206 Hammer
623 4157 673 4206 Ber.
694 4160 716 4207 d.
736 4160 811 4208 Wien.
831 4161 899 4208 head.
920 4161 957 4222 lll,
980 4161 1037 4224 579,
1057 4169 1080 4210 et
1099 4173 1155 4208 sane
1174 4157 1221 4206 iam
1239 4158 1292 4205 inde

135 4243 166 4291 ah
185 4241 316 4292 Alexandro
335 4241 365 4290 ad
382 4229 523 4293 ludaeorum
543 4257 620 4293 mores
640 4245 828 4309 cerimoniasque
850 4246 980 4309 peculiares
999 4247 1081 4296 Gracci
1105 4245 1196 4294 animos
1214 4245 1293 4293 adrer-

134 4335 227 4377 terant:
260 4329 290 4377 cl.
308 4327 424 4392 Theophr.
449 4346 485 4394 ap.
506 4329 616 4392 Porphyr.
640 4330 669 4376 dr.
688 4332 748 4382 anst.
767 4347 790 4395 p.
806 4333 869 4391 lli,
894 4333 1049 4395 llagastlrenis
1067 4332 1095 4382 lr.
1116 4333 1162 4393 ll,
1186 4332 1292 4382 Clearchi

133 4413 163 4462 lr.
183 4411 218 4464 69
237 4421 283 4462 ete.
