3024 5162
687 348 749 414 257

139 518 233 596 (11666
255 529 353 582 autem
376 523 479 597 primis
501 530 613 582 tantum
636 524 727 584 labris
751 525 891 586 Graecam
918 527 1048 601 linguam
1070 533 1206 600 gustasse
1228 522 1295 582 libri

138 623 205 682 eius
227 624 335 684 docent
356 631 386 683 61
407 626 549 700 661616166
571 627 763 701 conceditque
789 630 853 704 ipse
881 629 999 689 disertis
1019 627 1127 686 'verbis
1149 627 1180 685 16
1201 624 1292 698 Epist.
1338 629 1346 646 ·

138 723 201 786 169
224 726 261 784 66
282 725 425 786 1666666
448 728 641 788 Sarraccnum
664 730 771 804 scripta
793 731 843 805 qui
856 731 986 806 Dionysii
998 728 1190 806 Areopagitae
1201 726 1294 784 lihros

138 827 225 886 annis
247 824 331 886 1166
354 827 490 890 611167
516 830 606 889 611616
631 839 700 906 6661
724 833 748 891 1.
773 833 893 892 Scotum
915 833 1070 908 Erigonam
1097 828 1234 888 versione
1257 827 1294 884 de

139 928 250 1020 Graeco
272 932 470 1005 transtulerat,
494 933 529 990 61.
553 949 598 1007 66.
622 930 685 993 147
708 934 820 996 61229
849 943 878 994 61
899 933 992 1010 ipsius
1020 936 1056 994 66
1085 930 1201 993 Saresh.
1225 929 1293 986 Sar-

136 1028 236 1090 raceni
258 1029 370 1090 litteras
392 1049 439 1107 ep.
462 1031 527 1095 230
547 1043 577 1094 61
598 1052 674 1094 max.
692 1034 753 1096 149
777 1039 827 1098 uhi
850 1040 887 1098 de
908 1039 1048 1097 methodo
1071 1049 1159 1109 quam
1181 1031 1211 1090 in
1227 1044 1292 1088 ver·

135 1134 225 1192 tendo
249 1140 370 1192 secutus
393 1135 432 1196 sit
453 1136 554 1195 multis
577 1137 734 1216 loquitur);
769 1155 836 1199 nam
863 1141 1012 1214 explicans
1040 1137 1090 1196 ille
1116 1129 1292 1208 66616111·

137 1235 393 1295 61616166-66666
421 1237 590 1312 philosophi
617 1255 687 1312 prae
706 1241 812 1298 ceteris
835 1237 1027 1316 (611661611
1052 1234 1121 1295 alibi
1147 1238 1292 1306 „antono-

136 1335 261 1396 matice”
294 1338 313 1396 1.
338 1353 363 1396 6.
398 1341 577 1399 excellenter
610 1339 820 1420 96116616.
843 1339 1017 1417 1116100.
1050 1339 1158 1411 Roger.
1181 1335 1290 1392 Bucen.

136 1436 190 1511 Op.
207 1457 208 1460 ¹
224 1453 263 1496 m.
298 1454 327 1512 p.
354 1435 408 1518 36)
450 1443 605 1517 meruerit,
647 1458 688 1501 66.
726 1446 805 1517 quod
841 1441 1099 1504 demonstrativam
1134 1436 1293 1498 tradiderat

136 1539 320 1615 disciplinam
355 1539 398 1618 (16
424 1545 505 1616 quod
532 1545 619 1603 etiam
646 1545 677 1603 in
704 1545 762 1604 vita
794 1546 882 1606 latina
914 1552 1035 1619 urgetur
1065 1542 1096 1600 in
1133 1554 1192 1613 qua
1218 1535 1292 1596 nihil

135 1650 232 1702 tantm
255 1643 292 1701 de
315 1644 510 1716 appellatione
531 1646 590 1704 illa.
614 1647 690 1720 apud
713 1647 869 1721 lingonem
890 1647 921 1706 in
937 1643 1126 1705 Didascalicis
1140 1637 1203 1713 3‚2
1218 1638 1237 1696 1.
1250 1634 1291 1695 71)

134 1746 181 1804 66.
205 1744 279 1819 066.
305 1744 376 1806 Ven.
400 1742 913 1808 15881.111111616161666161161
938 1747 1083 1822 „logicam
1105 1737 1290 1801 rationalcm”
1398 1793 1399 1796 ,

133 1849 292 1908 69161666
325 1847 474 1908 16166166
506 1849 679 1923 „redegisse
707 1849 737 1908 in
765 1852 886 1923 artenr'’;
919 1849 1054 1910 simihter
1080 1842 1197 1904 Saresh.
1220 1841 1239 1898 l.
1263 1855 1289 1897 6.

134 1965 163 2023 6.
179 1947 220 2010 99
255 1949 448 2024 „rationalem
467 1951 583 2025 redegit
604 1951 635 2008 in
658 1951 705 2010 ius
729 1951 859 2031 suum”)‚
893 1953 972 2013 illius
1004 1945 1174 2011 testimonio
1200 1942 1292 2002 utitur

133 2049 618 2129 161161616616ο(7,76.16316
657 2054 747 2126 „ldeo
781 2054 860 2114 euim
882 2062 915 2114 ut
937 2054 1019 2113 aiunt
1039 2051 1070 2110 in
1092 2049 1158 2124 ipso
1180 2049 1289 2104 nomen

133 2152 304 2230 philosophi
330 2154 415 2214 sedit.
460 2154 492 2213 Si
520 2154 592 2214 mihi
625 2170 686 2213 non
720 2155 848 2216 creditur
880 2156 1015 2216 audiatur
1046 2153 1094 2212 vel
1118 2145 1291 2222 Burgundio

132 2254 259 2316 Pisanus
285 2273 303 2315 a
329 2271 398 2330 quo
426 2255 528 2315 istud
555 2257 708 2331 aecepi”.
754 2258 813 2316 Sed
845 2266 912 2318 utut
932 2259 1005 2316 haec
1028 2261 1097 2314 sunt
1128 2252 1190 2312 sive
1217 2250 1291 2308 duo-

135 2357 241 2418 decimi
276 2359 369 2418 6661111
402 2357 457 2416 1611
488 2358 565 2417 11166
593 2358 794 2432 olympiodori
817 2359 1023 2418 Nunnesianae
1055 2352 1206 2421 translatio
1228 2349 1290 2410 sive

133 2458 349 2532 decimitertii,
373 2458 403 2518 id
427 2467 504 2518 certe
527 2465 642 2519 constat
662 2460 706 2518 Jo.
731 2459 877 2520 walensis
900 2477 965 2520 earn
987 2466 1016 2518 et
1035 2456 1143 2530 Rogeri
1164 2451 1291 2511 Baconis

133 2566 228 2620 aetate
250 2561 322 2620 satis
344 2560 436 2620 luisse
470 2561 689 2636 „sapientibus”
722 2568 831 2634 notam,
855 2563 978 2620 eandem
1004 2564 1119 2618 constat
1146 2571 1205 2614 sec.
1227 2553 1291 2612 xlv

132 2663 243 2736 legisse
265 2662 461 2735 Walthcrum‚
494 2664 618 2722 eandem
645 2663 746 2722 seculo
770 2662 819 2720 XV
852 2660 1078 2722 166611666166
1104 2656 1290 2717 bibliothecis

132 2763 244 2822 invenit
270 2764 399 2840 Poggius
432 2764 481 2822 ille
508 2765 710 2825 Florentinus:
746 2764 863 2838 scripsit
897 2763 975 2822 enim
1008 2761 1102 2820 amico
1135 2759 1290 2818 Leonardo

133 2880 225 2938 quum
247 2865 334 2926 vitam
356 2865 523 2925 Aristotelis
545 2867 582 2925 ab
604 2867 655 2924 illo
679 2866 817 2940 scriptam
841 2863 890 2941 (61.
913 2865 1016 2924 Μ61166
1038 2862 1129 2937 61661.
1153 2863 1190 2919 66
1209 2859 1288 2919 hret.

133 2967 218 3040 epist.
241 2985 270 3042 p.
286 2964 328 3028 58
340 2985 384 3042 66.
409 2967 445 3025 61.
462 2965 537 3044 122)
560 2968 681 3042 legisset
703 2965 793 3044 (1161
806 2967 891 3044 epist.
908 2964 960 3039 10,
976 2961 1041 3040 tr),
1063 2965 1100 3023 66
1112 2961 1290 3036 quibusdam

133 3083 209 3142 quae
241 3067 272 3126 in
300 3069 402 3127 Latina
434 3068 483 3128 illa
515 3070 703 3129 continentur
734 3067 806 3148 (666
833 3069 912 3128 6616
940 3068 1027 3126 61666
1054 3081 1122 3125 eum
1150 3066 1289 3124 Graecam

132 3169 291 3244 epitomem
313 3171 477 3247 spectasse)
512 3172 590 3231 velut
623 3173 660 3230 dc
688 3171 843 3230 Aristotele
867 3169 994 3230 Socratis
1020 3184 1074 3243 per
1105 3175 1166 3227 tres
1194 3182 1289 3226 annos

134 3270 292 3345 discipulo,
316 3273 354 3331 dc
377 3272 505 3332 Platonis
518 3281 627 3334 estatua
654 3282 683 3333 et
708 3274 916 3348 epigrammate
942 3270 1076 3343 aliisque,
1099 3285 1174 3344 quaa
1197 3284 1289 3343 quum

131 3373 231 3447 inepta
253 3381 355 3433 essent
375 3375 447 3433 satis
470 3377 598 3450 superbe
618 3376 668 3434 ille
691 3391 808 3434 omnem
824 3375 903 3432 illam
916 3371 1019 3446 Poggii
1033 3371 1166 3430 notitiam
1188 3370 1291 3430 reiecit

131 3473 295 3550 (heomhr.
308 3474 393 3548 epist.
411 3474 440 3547 6,
457 3473 489 3552 3)
517 3491 573 3534 666
595 3476 688 3549 magis
711 3475 760 3534 illo
784 3475 930 3536 Guarinus
953 3472 1132 3532 Veronensis
1157 3471 1289 3546 aequalis

131 3575 216 3634 euius
238 3575 296 3635 vita
317 3574 486 3634 Aristotelis
509 3577 581 3636 satis
604 3576 689 3635 exilis
713 3579 789 3636 edita
813 3583 858 3635 est
878 3575 909 3633 in
931 3574 1017 3634 Arist.
1041 3590 1108 3648 opp.
1132 3589 1175 3646 gr.
1198 3572 1286 3630 Basil.

132 3675 227 3751 1531,
261 3676 407 3737 versionis
442 3676 522 3737 illius
550 3678 604 3738 luit
630 3693 749 3752 gnarus.
794 3679 836 3736 Dc
860 3676 1037 3736 Bessarioue
1064 3682 1162 3734 autem
1188 3682 1288 3733 utrum

132 3781 252 3839 latinam
289 3780 365 3838 hano
397 3793 434 3836 an
468 3779 551 3854 utqui
585 3780 714 3841 Graccus
747 3787 911 3852 excerptam
951 3778 1091 3838 Graecam
1126 3777 1290 3852 respexerit

134 3881 257 3940 dubium
279 3887 339 3941 est:
363 3879 431 3939 citat
453 3881 533 3939 enim
555 3896 589 3939 ea
612 3899 687 3955 quae
702 3883 732 3941 16
747 3889 872 3955 utraque
888 3887 1045 3940 occurrunt
1067 3877 1286 3956 (6616616166.

132 3978 457 4056 Ρ161ο6161,31.56
484 3981 558 4057 066.
594 3984 639 4042 66.
663 3983 733 4043 Ven.
758 3981 865 4062 1516).
913 3983 1043 4042 Tandem
1075 3981 1154 4040 illam
1187 3981 1287 4040 seculo

131 4083 194 4144 XVI
227 4091 358 4143 extremo
391 4084 511 4144 Nunnez
544 4085 575 4144 16
606 4085 746 4160 Hispania
778 4085 869 4146 edidit
893 4085 1052 4158 hispanus.
1094 4084 1139 4143 Ex
1161 4098 1196 4143 66
1218 4099 1289 4143 1616

133 4193 266 4260 1666616
300 4185 479 4260 exemplaria
510 4203 583 4246 mss.
614 4188 792 4248 delitescunt
822 4203 878 4247 nec
909 4188 998 4246 ullam
1026 4201 1151 4259 usquam
1179 4185 1288 4272 codicis

133 4286 259 4348 alicuius
291 4287 473 4349 mentionem
505 4287 536 4348 in
569 4290 710 4351 librorum
742 4304 814 4349 mss.
847 4289 894 4347 vel
927 4288 1117 4363 Anglicomm
1150 4287 1288 4360 catalogis

133 4388 262 4463 reperire
283 4390 356 4452 mihi
378 4388 501 4467 contigit
521 4390 580 4452 nisi
602 4393 691 4454 unius
713 4391 886 4453 Florentini:
911 4391 1036 4452 hahetur
1050 4391 1129 4452 enim
1143 4397 1176 4452 ut
1191 4387 1291 4450 scribit

1027 4490 1093 4553 17*
