3024 5162
637 363 699 426 177

85 525 182 586 libros
206 528 242 586 de
265 531 455 602 generatione
478 542 507 593 et
529 537 706 623 nutrimento
730 535 838 612 quibus
860 541 1021 602 fulciuntur
1046 545 1150 605 merito
1173 531 1246 607 seri-

84 629 186 688 benda
209 629 322 692 distulit
348 631 396 712 (ol.
421 635 528 709 Ephes.
551 654 597 712 ap.
621 638 717 697 Nunn.
741 657 769 715 p.
786 637 837 702 89.
860 643 982 704 liudem.
1005 646 1069 706 Ean,
1087 640 1197 711 12491)
1213 649 1244 708 4,

70 733 231 808 1110011111.
256 735 293 794 de
315 751 395 794 enus.
419 739 458 812 pl.
472 735 501 811 5,
513 735 547 818 8)
575 740 700 816 ipseque
726 743 870 804 nuntiarit
893 753 1011 820 praeter
1036 749 1135 810 loeum
1161 752 1180 809 l.
1209 753 1246 812 de

84 843 159 908 part
185 831 229 912 (2,
243 836 272 896 7.
286 834 358 910 653,
370 835 404 915 8)
426 857 530 914 parum
553 849 666 902 eertum
688 844 719 902 iu
741 845 760 903 l.
786 847 822 904 de
845 863 911 924 gen.
935 851 1029 924 10.·4,
1042 833 1092 913 10.
1109 849 1245 926 aarum

85 937 135 995 nbi
158 953 221 997 uon
250 939 320 1000 dicit
346 955 379 1000 se
398 943 535 1023 deipsa
560 944 636 1004 vitae
663 945 846 1021 longitudine
874 950 999 1026 eiusque
1026 938 1138 1026 eausis,
1166 955 1246 1028 quod

85 1038 141 1096 iam
171 1041 280 1099 leeerat
307 1041 338 1100 in
360 1042 443 1102 Parv.
457 1054 524 1105 nat.
553 1041 603 1125 (de
625 1046 704 1125 long.
727 1048 777 1107 vit.
801 1065 826 1108 0.
840 1047 886 1130 5),
919 1061 1023 1127 postea
1051 1039 1244 1114 tractaturum

87 1137 136 1217 (ita
168 1143 226 1202 hoo
252 1142 395 1202 intellexit
421 1145 567 1220 Ephesius
595 1149 682 1212 etiam
705 1150 742 1208 ad
764 1149 782 1208 l.
807 1152 844 1212 de
866 1169 933 1229 geu.
957 1172 1003 1216 au.
1026 1173 1056 1232 p.
1069 1155 1141 1230 102,
1164 1165 1244 1217 reete

83 1243 234 1330 reileiente
255 1245 382 1304 Prantlio
404 1231 652 1320 1141111100
672 1251 703 1310 in
725 1267 762 1310 eo
784 1262 900 1316 errante
922 1265 952 1316 et
973 1259 1039 1332 ipso
1062 1259 1143 1333 quod
1164 1259 1200 1316 ad
1223 1259 1242 1316 l.

87 1346 599 1430 (10110011ερο01110111000101111111),
622 1353 676 1414 sed
699 1355 735 1414 de
757 1355 816 1416 illis
838 1359 913 1434 ipsis
936 1376 1012 1434 quae
1035 1351 1243 1444 (1100φο01κᾶ

49 1525 52 1530 ¹
86 1440 315 1530 συμπτώματα
343 1457 488 1524 quatenus
515 1469 574 1512 uon
602 1455 678 1516 vitae
704 1458 803 1518 solum
825 1462 1019 1536 longitudinis
1042 1471 1072 1523 et
1093 1463 1243 1522 brevitatis

87 1554 139 1612 sed
161 1555 333 1613 morborum
366 1568 485 1628 quoque
519 1570 626 1616 causae
654 1565 724 1618 sunt
753 1563 886 1636 eorporis
913 1564 1085 1624 mixtionem
1116 1555 1166 1638 (ud
1188 1579 1243 1622 κε-

86 1653 246 1738 κρᾶσθαι)
279 1659 497 1730 humorumque
529 1650 673 1718 rationem
705 1669 854 1722 mutantes
881 1659 975 1742 (velut
996 1665 1082 1738 tltpp.
1108 1661 1139 1722 in
1162 1665 1181 1722 1.
1204 1665 1244 1723 de

88 1773 161 1846 aere
175 1760 258 1834 aquis
281 1767 310 1818 et
331 1757 417 1837 loeis)
441 1759 459 1817 i.
484 1773 509 1816 e.
533 1775 593 1817 non
617 1760 654 1820 de
675 1761 869 1837 longitudinis
892 1765 990 1826 causis
1012 1765 1066 1824 sed
1082 1765 1119 1822 de
1143 1765 1242 1824 causis

90 1859 147 1918 illis
168 1878 241 1936 quae
268 1863 299 1920 in
326 1875 448 1935 corpore
474 1861 592 1921 animali
619 1871 652 1922 ut
677 1863 802 1923 aliorum
829 1866 869 1924 ita
896 1873 925 1924 et
951 1864 1143 1940 longitudinis
1172 1873 1243 1925 suut

93 1977 207 2022 causae:
228 1965 284 2023 hoe
305 1978 376 2023 vero
398 1961 480 2022 nullo
502 1963 560 2022 alio
580 1965 646 2024 loeo
669 1964 733 2024 fieri
753 1965 849 2038 potuit
871 1965 929 2025 nisi
944 1966 974 2024 in
989 1965 1063 2025 libro
1081 1967 1118 2025 de
1129 1966 1241 2026 morbis

90 2064 263 2138 animalium,
290 2067 320 2126 in
343 2057 407 2141 quo
423 2073 523 2124 tamen
545 2065 611 2139 ipso
634 2066 763 2140 quidde
785 2067 969 2141 longitudine
992 2066 1090 2126 denuo
1112 2067 1242 2124 somme-

90 2176 233 2227 moratum
255 2170 339 2228 luerit
361 2167 450 2245 (sieut
472 2168 501 2225 in
523 2167 714 2240 Theophrasti
737 2167 819 2226 libris
842 2169 879 2228 de
900 2168 1024 2243 plantis:
1047 2167 1087 2226 ita
1108 2167 1239 2229 dacem.

89 2271 126 2343 pl.
139 2269 168 2344 2,
181 2269 219 2330 11
232 2278 287 2330 eto.
311 2272 346 2329 et.
368 2270 457 2342 Arist.
480 2268 625 2328 Problem.
638 2268 690 2342 20,
703 2265 732 2328 7.
745 2266 832 2330 92311
845 2269 877 2347 2)
901 2271 974 2330 nihil
996 2267 1102 2328 obstat
1147 2268 1242 2328 ahso-

88 2371 154 2432 lutis
188 2374 293 2433 deinde
326 2372 497 2431 morborum
530 2371 627 2430 nausis
660 2371 766 2430 eodem
798 2373 887 2430 modo
916 2387 975 2446 quo
1003 2371 1039 2429 de
1065 2367 1241 2430 animalibus

88 2477 230 2550 agendum
253 2483 315 2534 erat
337 2476 374 2534 de
396 2476 560 2549 plantarum
583 2471 715 2553 partibus
744 2474 933 2547 generatione
954 2471 1033 2531 victu
1054 2471 1167 2530 morbis
1191 2469 1242 2550 (01.

88 2577 283 2638 Pseud-Arist.
306 2577 400 2652 probl.
415 2573 564 2652 20-aal,
588 2589 646 2647 qua
668 2574 705 2632 de
727 2589 759 2632 re
771 2573 876 2647 etipsa
888 2571 1121 2648 diligentissimis
1134 2574 1240 2634 studiis

88 2681 159 2740 sieut
180 2682 288 2740 docent
309 2697 344 2740 ea
366 2693 442 2754 quae
463 2675 689 2752 comparationis
711 2691 802 2741 eausa
822 2675 905 2734 libris
927 2674 1086 2749 zoologieis
1101 2676 1243 2750 inspersit

89 2780 170 2860 (quae
201 2782 319 2857 collegit
351 2782 491 2842 Wimmer
522 2777 712 2856 Phytologiee
740 2777 827 2836 Arist.
862 2777 897 2834 ir.
924 2777 1046 2836 Breslau
1060 2774 1170 2853 1838)
1204 2778 1240 2836 ab

86 2883 239 2945 Aristotele
260 2891 433 2958 pertractata
455 2891 485 2943 et
507 2883 591 2958 quasi
613 2887 712 2940 mente
733 2881 791 2939 iam
814 2877 948 2966 absoluta
970 2879 1071 2938 multis
1092 2878 1168 2938 loeis
1189 2876 1239 2956 (01,

88 2987 179 3048 Prantl
201 3005 232 3062 p.
248 2985 303 3065 47)
337 2987 515 3061 scripturum
549 3001 581 3044 se
608 2981 744 3057 promisit
772 2988 801 3039 et
829 2980 948 3053 quidem
980 2987 1049 3053 post
1080 2976 1173 3037 libros
1204 2979 1242 3036 de

88 3087 259 3150 animalibus
282 3105 384 3148 omnes
408 3085 458 3166 (de
481 3103 546 3162 gen.
570 3101 617 3144 an.
635 3082 664 3157 5,
681 3081 710 3144 3.
730 3079 818 3144 aaut
835 3081 886 3142 20.
909 3080 1038 3155 01.1,1.
1058 3078 1132 3156 716,
1149 3077 1179 3140 1.
1203 3080 1240 3139 da

88 3201 155 3266 part.
176 3207 224 3252 an.
241 3191 271 3264 2,
289 3189 340 3252 10.
358 3189 433 3264 656,
448 3189 490 3270 2).
536 3189 666 3258 Quorum
693 3185 834 3244 librorum
862 3185 994 3243 omnium
1018 3183 1242 3244 scribendorum

88 3294 242 3355 eousdium
264 3294 344 3368 quod
365 3307 544 3368 magnopere
565 3289 677 3349 fovisse
691 3285 878 3346 Aristotelem
892 3286 1080 3350 manifestum
1097 3270 1143 3344 est
1155 3295 1243 3344 110111-Ι

89 3411 171 3469 mam
203 3403 301 3456 tamen
334 3395 432 3470 ipsum
459 3409 562 3453 revera
587 3389 747 3466 perfecisse
776 3404 829 3446 cur
856 3403 910 3462 pro
936 3396 1016 3447 certo
1042 3387 1167 3447 habeam
1193 3385 1243 3446 illa

88 3500 272 3572 potissimum
298 3511 387 3557 eausa
413 3503 458 3556 est
485 3495 565 3568 quod
594 3491 712 3551 anulio
739 3495 858 3547 auctore
885 3490 1006 3562 antiquo
1032 3487 1100 3547 teeti
1122 3487 1164 3549 illi
1186 3501 1243 3546 neo

88 3601 161 3660 citati
182 3615 223 3660 ne
245 3616 262 3658 a
283 3588 377 3659 Plinio
400 3598 519 3673 quidem
546 3595 597 3670 qui
621 3601 720 3652 tamen
742 3590 935 3664 Theophrasti
961 3589 1144 3663 aliorumque
1166 3588 1243 3647 mul·

88 3709 180 3764 torum
202 3701 287 3761 libris
310 3697 403 3779 (velut
425 3701 461 3758 de
483 3697 631 3774 lapidibus
655 3693 761 3764 Sotadi,
786 3693 822 3751 de
844 3690 1245 3766 111001110611111001.10111;

89 3804 166 3880 121,
191 3819 227 3863 ex
251 3803 336 3862 ouius
358 3799 625 3862 librohthenaeus
647 3797 808 3871 fragmenta
830 3795 915 3869 plura
937 3794 1051 3868 posuit,
1079 3807 1243 3867 numquam

89 3907 141 3965 nisi
163 3921 225 3966 uno
246 3907 313 3965 loeo
335 3911 457 3979 excepto
480 3897 659 3980 Aristotelis)
682 3895 908 3972 diligentissime
930 3912 1005 3956 usus
1028 3902 1074 3954 est
1094 3895 1153 3954 iam
1174 3901 1243 3953 ante

89 4023 188 4068 aevum
211 4007 440 4067 Alexandrinum
463 4005 653 4077 virorumque
675 4004 827 4062 dootomrn
854 4013 940 4056 ouras
962 3997 1039 4057 sieut
1060 3996 1243 4055 medicorum

90 4105 334 4188 pluteorumque
356 4109 392 4168 ab
415 4108 595 4166 Athenarum
607 4105 673 4164 luce
685 4109 866 4164 remotorum
878 4100 970 4173 multi,
994 4099 1137 4172 deperditi
1149 4099 1243 4158 luisse

91 4214 229 4274 censendi
258 4217 373 4283 essent,
407 4209 438 4268 id
464 4208 545 4282 quod
569 4222 667 4282 neque
693 4203 860 4265 Aristotelis
886 4199 1014 4262 auctoris
1041 4198 1125 4259 iaeile
1150 4197 1244 4273 gloria

91 4317 195 4388 patitur
226 4331 283 4376 nee
312 4313 456 4372 librorum
487 4315 692 4385 argumentum
724 4307 930 4382 gravissimum
962 4301 1057 4377 ipsius
1089 4299 1243 4375 discipulis

90 4433 177 4490 quam
203 4419 329 4478 maxime
355 4415 519 4489 probatum.
562 4411 664 4485 Neque
693 4410 771 4470 enirn
797 4407 920 4469 dubium
947 4414 993 4467 est
1019 4401 1089 4479 quin
1118 4415 1153 4460 ea
1179 4401 1252 4474 ips-a-

17 4503 19 4554 ἒ
112 4555 116 4562 ·
133 4541 198 4587 ttuae
215 4535 244 4586 de
256 4533 322 4584 libris
335 4530 474 4582 Aristotelis.
990 4504 1043 4564 ‘12
