3036 5164
805 354 885 415 -116

280 536 309 589 11
331 526 399 586 linis
421 525 486 584 libri
508 514 537 586 λ’
559 542 575 584 a
597 542 625 599 p.
642 523 750 588 10751
767 523 806 584 11
842 524 1004 585 1111111111
1038 527 1155 602 duoque
1182 528 1247 588 libri
1270 518 1302 589 δ’
1327 528 1424 588 omissa

280 628 405 704 capitula
427 627 507 702 (Ab
531 635 561 688 11
581 629 611 701 t,
627 625 684 702 10)
708 636 737 688 11
759 645 818 688 non
841 629 878 686 ah
900 627 1027 688 Avernae
1049 630 1182 702 neglecta
1204 639 1236 689 ut
1257 633 1347 690 docet
1360 631 1423 704 Epit.

280 749 309 805 p.
325 728 398 792 361.
442 731 526 804 Ipsae
558 738 655 790 tamen
689 730 831 790 lectiones
863 730 1010 788 versionis
1043 731 1132 792 huius
1159 733 1425 794 Graeco-Arabico·

280 833 399 892 Latinae
426 847 517 905 quum
550 830 725 906 saepissime
753 831 940 892 consentiant
972 848 1039 890 curn
1068 835 1178 906 optimo
1201 836 1304 896 codiee
1327 835 1425 894 Graeco

279 933 322 998 Ab
341 935 429 994 Beth.
453 933 621 1006 multasque
643 933 767 994 Bouitzii
789 933 931 992 lectiones
954 936 1117 1008 praeclaras
1130 938 1314 1010 confirment,
1329 936 1425 996 rectius

280 1039 341 1096 lare
360 1036 385 1095 si
408 1036 555 1110 paradoxe
586 1035 668 1108 loqui
702 1034 775 1094 velis
802 1035 992 1094 inversione
1015 1035 1138 1096 Arabica
1159 1040 1218 1114 legi
1240 1040 1352 1102 dixeris
1373 1038 1426 1096 Ari·

280 1139 415 1199 stotelem
449 1151 535 1211 quam
559 1135 588 1194 in
612 1143 691 1196 textu
715 1135 781 1211 ipso
804 1137 910 1196 Aldine
933 1138 1028 1212 primo
1055 1140 1165 1200 codicis
1193 1142 1349 1201 cuiusdam
1370 1156 1426 1200 cun

279 1243 368 1302 111111.
384 1241 407 1298 Ε
423 1241 444 1297 T
467 1239 528 1296 lere
550 1238 665 1312 cognati
687 1238 890 1312 interpolatam
901 1239 1047 1298 interdum
1061 1248 1090 1300 et
1101 1252 1266 1316 corruptam
1279 1245 1426 1304 lectionem

280 1350 391 1402 secuto.
437 1341 542 1399 Mirum
569 1356 638 1400 vero
667 1341 692 1399 si
720 1341 768 1400 cui
794 1341 928 1400 videatur
955 1343 1034 1416 quod
1061 1347 1275 1420 quamplures
1299 1347 1426 1404 adessent

279 1445 463 1518 singulorum
497 1441 662 1501 Aristotelis
700 1442 841 1502 librorum
879 1443 1032 1504 versiones
1065 1443 1205 1506 Arabicae
1238 1467 1307 1511 raro
1341 1459 1425 1510 muco

281 1541 471 1616 cogitaverint
492 1543 602 1602 Arabes
624 1542 792 1618 philosophi
814 1544 891 1604 inter
913 1561 945 1603 se
967 1544 1032 1604 illas
1045 1554 1425 1623 comparareuecAverroes

280 1643 426 1703 versionis
450 1645 594 1718 eiuspua
617 1643 708 1704 utitur
729 1646 849 1704 lacunas
872 1647 926 1706 bac
949 1647 1061 1708 ratione
1084 1653 1252 1726 expleverit,
1276 1655 1303 1713 is
1319 1667 1425 1717 causan

222 1741 224 1745 ’
279 1745 368 1806 hahet
400 1744 533 1819 ipsorum
567 1746 777 1822 exemplarium
810 1763 898 1821 quam
931 1765 1020 1823 supra
1052 1752 1134 1828 tetigi
1167 1755 1326 1815 raritatem.
1374 1754 1425 1822 Qua

280 1848 388 1906 lactum
410 1854 456 1906 est
478 1855 510 1906 ut
532 1847 625 1907 solius
648 1849 708 1908 lere
731 1849 783 1922 (cl.
807 1849 908 1914 Renan
930 1850 1029 1910 Averr.
1045 1870 1073 1928 p.
1085 1851 1143 1928 38)
1166 1855 1232 1914 libri
1257 1845 1424 1931 Metaphl‘,

280 1947 447 2022 quiquam
476 1947 632 2008 universae
658 1949 743 2022 quasi
769 1953 985 2026 metaphysicae
1013 1957 1221 2031 compendium
1249 1966 1332 2018 esset
1353 1972 1425 2030 sepa·

280 2047 364 2106 ratim
392 2063 409 2106 a
434 2047 556 2122 reliquis
590 2049 673 2108 lihris
700 2066 718 2107 a
747 2050 923 2124 quibusdam
957 2071 1119 2116 conversus
1154 2061 1205 2134 (cl.
1232 2061 1337 2120 Nedim
1359 2059 1422 2117 Hott.

279 2147 400 2222 etosq.
424 2147 489 2208 Cas.
507 2146 536 2220 l,
553 2145 632 2220 306)
660 2157 709 2208 aut
735 2165 802 2209 cum
825 2154 976 2216 Themistii
1004 2161 1173 2234 paraphrasi
1205 2163 1299 2233 (sicut
1321 2162 1424 2221 iuver

280 2250 365 2310 sione
387 2247 476 2308 huius
497 2248 564 2307 lihri
586 2248 737 2322 Hebraica
761 2253 795 2310 cl.
819 2254 916 2315 Pasini
940 2259 958 2317 1.
971 2275 1036 2334 cp.
1050 2258 1106 2335 15)
1129 2270 1179 2320 aut
1200 2279 1269 2324 cum
1280 2259 1423 2324 Alexandri

278 2350 490 2410 commentario
522 2351 681 2423 serebatur,
710 2353 810 2428 plures
836 2354 867 2414 in
890 2359 1029 2434 llispauia
1061 2364 1268 2425 translationes
1291 2367 1423 2426 Averroes

277 2452 415 2512 habuerit
436 2452 466 2510 in
490 2453 578 2512 huius
600 2453 787 2528 potissimum
815 2457 880 2516 libri
908 2465 1119 2524 commentario
1150 2467 1245 2526 varias
1267 2468 1317 2526 ille
1339 2474 1366 2526 et
1385 2463 1421 2522 vel

280 2554 368 2614 trium
390 2549 519 2627 (30811)
551 2555 721 2614 versionum
753 2558 894 2620 lectiones
922 2578 1011 2638 saepe
1038 2566 1145 2640 citans,
1179 2568 1214 2626 cl.
1237 2585 1267 2644 p.
1284 2567 1346 2631 301
1361 2585 1385 2642 g.
1399 2567 1420 2622 lt·

279 2650 432 2714 3081111.
466 2651 569 2714 3001.
603 2652 667 2714 312
681 2672 706 2714 1.
724 2656 743 2714 1.
760 2657 778 2716 1.
795 2660 822 2716 k.
855 2657 953 2720 3171.
987 2661 1339 2731 matascense
1366 2666 1419 2743 (uhi

278 2762 329 2828 „et
350 2755 407 2814 hoc
429 2753 596 2820 invenimus
622 2773 659 2816 ex
686 2761 876 2820 translatione
896 2762 1032 2823 loannis’
1059 2768 1078 2827 1.
1102 2785 1127 2828 1.
1150 2769 1248 2846 Jahjae
1270 2773 1333 2832 Ben
1354 2769 1419 2848 Adi).

276 2857 340 2916 lam
361 2871 431 2914 vero
453 2856 545 2915 altera
567 2861 711 2932 quaedam
738 2863 907 2923 versionum
929 2864 1094 2928 Aristotelis
1116 2872 1306 2934 Arabicarum
1333 2891 1366 2934 ea
1385 2877 1420 2930 est

277 2959 386 3018 utilitas
409 2965 441 3018 ut
462 2973 499 3016 ex
521 2957 558 3016 iis
580 2959 654 3018 solis
676 2963 784 3022 multos
811 2964 869 3024 uisi
898 2982 967 3040 spes
991 2969 1063 3027 lallit
1084 2973 1176 3034 libros
1197 2977 1307 3036 Graece
1328 2978 1420 3050 deper-

277 3060 355 3120 ditas
378 3059 441 3118 lieri
464 3059 559 3133 possit
582 3067 614 3117 ut
636 3077 716 3120 nuuc
739 3079 857 3138 quoque
880 3085 1104 3146 cognoscamus,
1129 3076 1154 3134 si
1177 3093 1235 3137 nou
1259 3075 1419 3156 ip'siusAri·

277 3160 391 3220 stotelis
414 3193 455 3201 -
477 3161 506 3219 id
531 3164 610 3234 quod
632 3163 747 3221 etiamsi
770 3164 896 3228 luissent
917 3187 993 3245 quos
1015 3189 1075 3232 nou
1099 3175 1191 3236 luisse
1206 3196 1297 3255 supra
1311 3174 1417 3257 probavi

276 3261 343 3322 lihri
365 3261 530 3320 Aristotelis
564 3279 643 3322 nunc
671 3266 813 3339 deperditi
841 3276 870 3327 ot
897 3273 1061 3333 studiorum
1090 3275 1348 3354 Peripateticorum
1371 3279 1417 3351 By·

275 3363 392 3422 zautiua
413 3367 507 3422 aetate
530 3363 653 3424 historia
676 3374 703 3426 et
725 3367 839 3426 Nedimi
863 3371 973 3442 „ludex
996 3377 1208 3439 doctrinarun1”
1228 3384 1366 3444 refutaret
1383 3407 1417 3421 α

274 3473 303 3526 at
328 3471 591 3552 commentatorum
618 3469 692 3528 eius.
737 3470 828 3530 Cuius
855 3472 898 3531 rei
925 3477 1105 3538 luculentum
1139 3492 1235 3543 exstat
1262 3485 1416 3560 exemplum

273 3566 474 3627 commentarii
497 3584 585 3642 quem
607 3571 645 3628 ad
665 3571 789 3646 Metaph.
803 3562 831 3632 t'
853 3573 1018 3636 Alexander
1038 3579 1277 3655 Aphrodisiensis
1301 3583 1414 3660 scripsit

272 3685 331 3744 quo
354 3669 468 3741 integro
491 3676 520 3727 et
541 3670 670 3754 g'enuiuo
693 3673 837 3734 Averroes
866 3691 939 3734 usus
966 3687 1011 3738 est
1036 3681 1104 3742 licet
1130 3695 1212 3758 parte
1238 3696 1350 3748 tautum
1376 3687 1416 3757 (ul

272 3777 302 3828 et
322 3768 478 3828 Alexandri
500 3769 531 3828 iu
553 3769 640 3846 Phys.
664 3777 882 3836 commentariis
908 3794 967 3837 noo
994 3782 1051 3840 uisi
1076 3801 1131 3858 per
1156 3797 1255 3862 partes
1279 3785 1414 3852 translatis

270 3868 381 3929 Arabes
403 3869 451 3928 usi
474 3877 552 3943 sunt,
576 3878 786 3938 commentario
808 3885 960 3953 praeterea
980 3883 1010 3941 iu
1033 3885 1141 3947 librum
1164 3891 1281 3952 tertium
1304 3891 1413 3954 omniuo

271 3970 448 4046 desiderato,
470 3972 507 4032 iis
529 3988 599 4033 vero
622 3993 696 4051 quae
719 3981 756 4040 ad
767 3982 787 4041 l.
800 3988 934 4040 octavum
950 3993 1044 4056 pauca
1054 3997 1201 4052 exstarent
1210 3994 1247 4053 ab
1258 3993 1412 4054 Alexandro

270 4081 303 4134 ut
333 4073 380 4152 ait¹
399 4074 541 4134 Averroes
573 4077 692 4152 alienis,
726 4083 762 4141 cl.
788 4083 922 4142 Wenrich
939 4083 1011 4146 275.
1046 4089 1098 4149 lhn
1121 4092 1243 4156 Nedimo
1276 4090 1413 4157 consentit

269 4175 365 4250 ipsius
391 4174 529 4236 Averrois
556 4180 756 4244 testimouium
780 4185 890 4244 Comm.
918 4186 949 4245 in
971 4188 1058 4265 Phys.
1081 4209 1110 4266 p.
1128 4193 1181 4270 lb,
1220 4199 1270 4272 qui
1297 4207 1326 4258 11
1346 4196 1411 4255 The-

269 4275 401 4338 mistium
434 4284 463 4336 11
495 4276 692 4342 Alexandrum
715 4317 756 4327 -
779 4287 813 4345 cl.
838 4303 863 4346 e.
887 4286 1172 4366 gr.133g.'l37m.
1195 4295 1353 4359 1431111.
1375 4323 1410 4337 -·

267 4378 355 4437 nohis
388 4386 505 4452 praeter
537 4381 677 4457 Simplicii
711 4387 871 4462 fragmenta
899 4392 1084 4464 deperditum
1107 4414 1195 4472 saepe
1218 4401 1293 4460 citat.
1317 4401 1408 4460 adver·
