3036 5164
687 323 749 388 103

134 507 215 566 opus
248 493 394 552 Aristoteli
428 495 570 554 trilmtmu
607 495 663 552 alio
697 496 734 555 alr
767 495 832 552 aliis
867 496 949 555 tilulo
982 496 1157 570 inscriptum
1189 495 1292 568 luisse,

132 595 252 654 etiamsi
279 599 316 656 de
338 597 502 656 Aristotelis
528 596 699 657 auctoritate
727 597 916 656 dubitaretur.
962 598 1073 658 Deinde
1102 597 1128 656 si
1154 599 1199 656 rel
1222 613 1292 656 con-

132 697 276 754 cedemus
299 698 554 757 Pseudaristotelis
576 698 692 769 librum,
717 699 778 758 sire
801 699 908 758 luerint
922 701 1103 760 Theodectea
1126 697 1189 757 sire
1212 699 1292 770 quod

131 797 286 856 arbitratie
315 799 441 858 sumitur
467 799 621 858 Rhetorica
652 801 687 880 ad
716 801 928 870 Alexandrum,
956 799 1145 858 Anaximenis
1171 800 1290 858 nomine

130 898 318 972 significasse
346 899 557 968 Quintilianum
588 902 633 959 vel
660 902 855 976 significatum
883 901 1049 976 repperisse
1075 901 1105 960 in
1132 900 1289 974 antiquiori

130 1015 224 1072 qoem
257 1001 395 1060 exscribit
426 1010 559 1073 auctore,
595 1019 654 1062 non
688 1005 822 1077 seqnitur
856 1019 958 1062 revera
989 1003 1070 1061 illum
1100 991 1289 1061 Anaximenis

130 1100 235 1170 luisse,
260 1103 389 1162 historici
413 1105 532 1178 quidem
554 1104 623 1162 clari
647 1105 699 1162 sed
722 1105 750 1162 iu
774 1113 836 1162 arte
859 1103 1015 1164 mediocris
1031 1103 1162 1176 nihilque
1178 1103 1286 1177 proprii

128 1203 272 1262 tentantis
295 1205 427 1280 (Dionys.
450 1224 479 1279 p.
496 1206 567 1265 722.
592 1207 627 1266 cl.
645 1205 717 1264 1174.
735 1205 825 1282 626),
855 1220 891 1262 ne
917 1213 980 1264 tum
1007 1205 1126 1278 quidem
1153 1205 1178 1264 si
1207 1207 1286 1278 quod

127 1319 256 1364 necesse
279 1315 324 1366 est
346 1315 415 1381 post
436 1307 601 1368 Aristotelis
624 1315 746 1366 16661661
771 1339 811 1348 -—
834 1307 961 1382 Spengel
988 1313 1055 1366 6616
1078 1306 1165 1366 Arist
1194 1307 1287 1366 voluit

126 1411 182 1462 art.
207 1405 349 1468 666188
375 1441 416 1450 -
443 1411 600 1483 scripsisse
627 1410 837 1468 anaximenem
870 1423 1023 1468 sumamus
1056 1405 1289 1483 (6166161161

128 1507 193 1564 Ser.
218 1523 273 1565 rer.
297 1510 378 1568 Alex.
401 1529 429 1583 p.
448 1507 499 1570 34.
523 1512 614 1570 Anax.
638 1512 671 1570 lr.
690 1508 839 1585 15-17).
891 1509 988 1578 Quum
1015 1524 1084 1567 vero
1112 1509 1160 1568 hic
1185 1515 1287 1566 auctor

125 1606 185 1665 tria
210 1608 260 1668 illa
285 1625 391 1683 genera
421 1612 590 1686 singulatim
618 1611 766 1670 describat
791 1613 831 1670 ita
857 1619 890 1670 ut
916 1610 1150 1682 deruegoriarum
1177 1625 1285 1668 nomen

126 1709 218 1768 latius
247 1719 349 1784 patens
376 1712 406 1770 in
434 1716 531 1772 solum
559 1705 652 1794 γένος
678 1704 920 1795 προτρεπτικόν
948 1712 1056 1770 diserte
1079 1718 1212 1770 coerceat
1235 1709 1283 1786 (cl.

127 1827 155 1868 6.
171 1807 201 1870 3.
223 1829 298 1870 max.
316 1811 409 1886 1423,
426 1815 562 1876 20-27,
580 1812 688 1874 14366
703 1812 825 1891 311616.)
853 1830 908 1872 nee
930 1813 1158 1884 comprehendat
1179 1813 1284 1871 eodem

129 1913 249 1972 nomine
270 1915 457 1987 laudativum,
481 1919 610 1990 prolecto
633 1917 713 1990 qnod
735 1915 878 1974 vocabulo
900 1905 1064 1986 ἐπίδειξις
1084 1930 1144 1972 666
1163 1913 1283 1986 saepius

125 2016 182 2072 sed
205 2016 250 2074 bis
272 2025 382 2076 tanturn
407 2034 480 2076 usus
502 2027 557 2090 est,
581 2033 683 2076 verum
705 2033 722 2074 a
743 2024 825 2089 parte
848 2016 1021 2089 designem,
1045 2006 1282 2074 6166116616τό

124 2112 348 2200 δημηγορικὸν
363 2105 454 2192 εἶδος
476 2117 648 2193 simpliciter
668 2111 706 2180 τὸ
729 2109 973 2200 προτρεπτικὸν
988 2102 1079 2190 εἶδος
1091 2114 1194 2175 14406
1206 2112 1235 2176 3.
1251 2113 1281 2176 8.

123 2220 163 2278 61.
190 2218 282 2292 1436,
305 2218 346 2280 39
386 2229 421 2280 61
447 2215 486 2282 τὸ
519 2214 735 2303 κατηγορικὸν
773 2205 864 2290 εἶδος
895 2234 948 2291 pro
982 2219 1120 2276 universo
1154 2217 1281 2278 iudiciali

124 2319 236 2380 14416
256 2318 307 2394 30,
341 2339 408 2380 cum
439 2323 580 2382 Cicerone
616 2325 701 2382 etiam
737 2321 922 2398 (66161166.
947 2319 997 2378 24.
1021 2328 1093 2394 pert.
1117 2315 1280 2389 611310.

122 2420 178 2494 28,
198 2421 253 2499 98)
287 2433 316 2484 61
342 2424 521 2491 Quintiliano
549 2421 590 2497 (3,
608 2425 637 2496 7,
654 2422 707 2500 28)
740 2423 906 2495 Stoicisquc
934 2421 979 2496 (D.
995 2423 1027 2478 L.
1050 2419 1079 2493 7,
1095 2420 1149 2497 42)
1184 2420 1280 2479 dicere

123 2527 252 2599 praefert
284 2541 377 2600 genos
412 2527 588 2585 laudativum
617 2527 634 2584 i.
660 2543 686 2586 e.
712 2515 973 2607 ἐγκωμιαστικὸν
1001 2522 1050 2594 (61.
1073 2522 1170 2596 ipsunt
1191 2521 1278 2580 Arist

122 2623 300 2688 1358627.
317 2624 367 2687 38.
392 2630 427 2686 61.
445 2628 474 2699 1,
491 2627 520 2700 3,
555 2628 617 2686 sive
650 2629 686 2686 66
720 2636 844 2699 utraque
876 2641 933 2700 qua
962 2623 1100 2686 delinitur
1126 2631 1208 2696 parte
1240 2615 1279 2684 τὸ

120 2723 385 2811 ἐγκωμιαστικὸν
418 2715 508 2802 εἶδος
540 2722 596 2790 καὶ
620 2721 660 2790 τὸ
694 2721 853 2812 ψεκτικόν
886 2727 921 2782 ad
956 2726 1037 2784 Alex.
1066 2741 1091 2782 c.
1112 2725 1142 2783 t.
1158 2721 1199 2784 36
1233 2725 1279 2782 661

120 2824 270 2914 ἐγκώμια
282 2825 339 2892 καὶ
351 2826 477 2915 ψόγοι),
502 2833 538 2890 116
561 2848 620 2904 qno
645 2848 701 2890 usu
724 2831 833 2888 diserte
849 2826 968 2895 Quintil.
981 2831 1105 2884 testatur
1117 2821 1158 2899 (3,
1167 2825 1197 2892 4,
1209 2822 1278 2901 12);

120 2938 153 2996 id
176 2937 295 3010 quidem
323 2936 349 2993 si
375 2943 473 2992 tamen
500 2934 614 3006 aequali
642 2932 705 2992 iure
733 2932 812 2991 iuxta
838 2927 934 3002 posita
960 2925 1016 2984 tria
1042 2941 1143 2984 revera
1169 2941 1279 3000 genera

120 3032 211 3120 (γένη
235 3037 298 3096 sire
325 3027 413 3117 ei'dp:
445 3039 516 3094 6666
548 3036 626 3093 enim
655 3033 796 3092 voeabula
827 3030 904 3102 apud
933 3029 1061 3086 Graecos
1087 3034 1222 3086 auctores
1249 3035 1278 3086 et

119 3143 220 3215 ipsum
243 3139 361 3198 Aristot.
385 3137 567 3210 iniqueque
590 3142 806 3194 commntantur
833 3131 883 3188 661
906 3129 1071 3188 distincturi
1094 3129 1276 3200 ridebantur,

78 3237 84 3244 “
119 3241 253 3301 velutin
276 3239 441 3313 categoriis.
470 3239 510 3296 ita
533 3238 579 3296 bic
599 3234 677 3297 τῶν
698 3231 822 3312 τριῶν
841 3222 958 3292 εἰδῶν
980 3230 998 3288 i.
1022 3247 1048 3288 e.
1070 3226 1172 3310 γενῶν
1193 3246 1217 3290 6.
1235 3227 1277 3290 18

120 3347 171 3404 lin.
189 3341 298 3404 14326
312 3340 343 3401 8.
368 3343 403 3399 61.
428 3339 557 3400 62114
581 3348 654 3398 extr.
678 3337 753 3411 617)
781 3352 836 3394 666
859 3349 950 3392 uuum
973 3332 1003 3391 iu
1027 3334 1085 3390 duo
1109 3333 1201 3392 divisa
1224 3348 1275 3390 ex·

119 3448 215 3518 16661,
250 3443 291 3504 611
314 3443 407 3502 cuivis
430 3441 537 3515 legenti
560 3441 748 3500 manifestum
771 3443 829 3509 est,
862 3450 965 3508 parum
991 3434 1101 3491 referre
1121 3441 1200 3506 patet
1222 3449 1276 3492 666

119 3549 272 3624 quomodo
295 3545 431 3618 cuiquam
455 3544 605 3617 imponere
626 3557 710 3600 suam
725 3539 924 3600 coniecturam
940 3535 1067 3609 Spengel
1081 3534 1209 3607 potuerit
1220 3550 1275 3608 ego

118 3650 261 3722 intelligo.
306 3645 409 3706 Omnis
433 3645 512 3702 cuim
533 3643 599 3702 liltri
622 3642 728 3702 divisio
750 3642 821 3699 6666
844 3644 891 3696 cst
912 3645 944 3694 ut
965 3637 1055 3694 altera
1077 3652 1144 3708 pars
1168 3633 1275 3709 (dein-

118 3749 270 3825 ventionc)
294 3749 504 3820 complectatur
526 3737 634 3827 λόγων
654 3730 827 3820 μεθόδους
848 3731 905 3798 καὶ
924 3728 1007 3817 μέρη
1019 3733 1066 3812 (7)
1088 3744 1117 3794 61
1129 3737 1275 3810 quidcml

118 3848 286 3937 περὶτῶν
308 3841 406 3910 εἰδῶν
429 3865 456 3906 6.
469 3847 564 3921 2-6,
587 3863 662 3922 quae
685 3850 755 3904 sunt
783 3840 815 3919 1)
839 3831 874 3902 αἱ
896 3831 1089 3921 προτροπαὶ
1109 3835 1166 3900 καὶ
1186 3828 1273 3901 ἀπο·

117 3948 247 4038 τροπαὶ
268 3971 293 4012 6.
306 3948 390 4012 2-3
413 3949 462 4026 (cl.
475 3948 584 4008 14216
597 3946 637 4008 17
651 3941 748 4005 6163
761 3946 846 4016 extr.)
870 3943 902 4016 2)
914 3931 953 4000 τό
966 3958 1002 4000 τε
1013 3933 1275 4020 ἐγκωμιαστικὸν

119 4047 213 4132 εἶδος
234 4051 291 4118 καὶ
311 4047 350 4116 τὸ
372 4046 534 4138 ψεκτικὸν
556 4052 614 4112 64
637 4041 874 4123 (61.1425634)
897 4039 930 4120 3)
942 4033 980 4104 τό
1001 4061 1037 4102 τι
1059 4038 1275 4127 κατηγορικὸν

120 4156 178 4224 καὶ
199 4152 239 4221 τὸ
262 4147 505 4236 ἇπολογητικόν
527 4140 617 4226 εἶδος
639 4168 663 4210 6.
681 4147 700 4210 5
728 4147 850 4224 (14266
867 4147 916 4204 22.
933 4143 1017 4206 1427
1024 4143 1088 4220 69)
1120 4152 1150 4202 61
1178 4144 1211 4223 4)
1233 4140 1274 4211 τὸ

118 4250 329 4338 ἐξιτοστικόν
350 4244 441 4330 εἶδος
462 4275 487 4316 6.
505 4257 533 4316 6.
572 4258 594 4314 11
622 4237 667 4313 ὦν
690 4242 911 4333 προσδέονται
934 4245 1029 4329 κοινῇ
1052 4264 1075 4304 6.
1094 4243 1210 4318 8--29,
1244 4255 1273 4305 61

121 4368 241 4442 quidem
275 4361 307 4441 1)
329 4351 460 4432 πίστεις
488 4376 513 4418 6.
531 4352 639 4418 8-18
672 4354 705 4430 2)
729 4342 772 4414 τά
793 4341 970 4412 ὑπόλοιπα
993 4364 1068 4424 quae
1091 4344 1132 4421 (8.
1152 4345 1273 4424 teon.)
