3072 5164
794 333 812 393 2

229 509 491 578 excerptorumque
516 502 728 562 sententiarum
756 503 960 576 collectiones,
991 521 1066 578 quae
1096 512 1248 566 auctorum
1276 508 1385 582 quibus

230 603 412 662 debebantur
434 604 552 662 nomina
576 606 749 678 plerumque
771 614 820 664 aut
843 613 994 664 servarent
1015 614 1064 664 aut
1079 615 1271 666 resumerent.
1312 609 1383 666 Vera

229 711 326 762 autem
349 705 459 763 lraudis
482 707 616 780 exempla
639 723 675 764 ex
691 706 835 766 malitiosa
851 715 996 765 sectarum
1014 708 1201 766 contentione
1219 709 1385 781 invidiaque

229 805 358 878 prolecta
380 808 458 879 apud
482 807 609 866 Graecos
632 823 751 881 queque
780 810 871 866 multo
894 808 1003 868 rariora
1033 809 1149 867 luerunt
1171 826 1259 882 qnam
1283 817 1385 883 putant

230 913 259 964 et
281 907 341 964 lere
363 922 481 980 semper
503 909 539 964 ab
563 908 637 980 ipsis
660 908 808 966 veteribus
832 909 943 968 detecta
967 916 1151 981 narrataque,
1176 911 1214 968 ita
1237 923 1269 968 ut
1290 927 1306 968 a
1330 911 1384 968 lla·

228 1009 295 1067 vide
324 1007 450 1066 Armeno
479 1007 509 1066 in
541 1016 609 1067 nota
640 1008 688 1067 illa
717 1025 805 1082 quam
835 1025 852 1067 e
882 1010 1012 1083 priorum
1044 1010 1233 1084 interpretum
1264 1011 1384 1070 scholiis

230 1109 387 1183 descripsit
417 1110 454 1167 de
480 1109 621 1168 librorum
650 1109 872 1168 subditiciorum
901 1110 998 1169 causis
1026 1119 1160 1170 accurata
1187 1111 1384 1184 disputatione

230 1211 293 1270 iure
316 1213 388 1269 hacc
410 1211 601 1269 omitteretur.

313 1313 432 1371 Factum
459 1319 505 1370 est
527 1311 614 1385 igitur
640 1319 672 1371 ut
694 1310 898 1370 excellentium
926 1312 1058 1372 omnium
1085 1321 1152 1372 autc
1179 1313 1382 1372 Alexandriam

119 1445 125 1462 ι
229 1413 375 1474 conditam
405 1421 557 1472 auctorum
588 1429 677 1486 opera
707 1415 860 1472 doctorum
891 1412 989 1474 studio
1019 1415 1140 1478 collecta
1172 1414 1228 1474 lom
1258 1415 1287 1474 in
1318 1416 1384 1489 ipso

227 1515 330 1574 seculo
359 1514 454 1587 primo
481 1515 678 1576 Alexandrino
708 1523 737 1573 ct
764 1503 875 1572 indc'a
902 1514 1096 1574 bibliothecae
1126 1517 1262 1576 conditae
1293 1517 1384 1578 initiis

230 1619 369 1677 salsorum
406 1616 517 1698 ingenti
549 1615 634 1689 copia
669 1616 759 1674 mima
795 1615 973 1676 haberentur
1006 1616 1159 1690 ipsiusque
1191 1617 1383 1693 bibliothecae

229 1718 388 1794 primordia
421 1718 481 1778 siut
511 1717 672 1791 primordia
703 1701 996 1791 pseudepigraphiae.
1047 1717 1089 1774 lle
1115 1717 1279 1778 orabooom
1308 1733 1383 1791 quac

229 1821 285 1880 sub
307 1827 455 1878 oratorum
478 1819 639 1880 Atticorum
661 1817 832 1876 nominibus
855 1817 929 1876 falso
951 1817 1120 1878 serebantur
1134 1819 1243 1891 ingenti
1260 1835 1383 1878 numero

138 1953 141 1960 ·
230 1921 388 1997 Dionysius
410 1928 516 1981 narrat.
559 1919 602 1980 Ad
626 1935 749 1994 quarum
772 1918 938 1992 exemplum
954 1918 1087 1991 proxime
1103 1919 1215 1978 accedit
1230 1920 1381 1980 hominum

229 2023 359 2083 studium
382 2021 515 2093 dialogos
531 2021 707 2090 Socraticos,
730 2034 856 2092 quorum
879 2020 1053 2093 plerumque
1068 2020 1252 2080 subditorum
1268 2030 1383 2095 praeter

228 2123 457 2184 clarissimorum
481 2121 663 2180 Antisthenis
685 2120 839 2180 Aeschinis
867 2120 959 2180 libros
981 2129 1010 2180 et
1032 2121 1114 2195 ipsos
1140 2122 1222 2180 salsis
1249 2123 1382 2196 plurimis

228 2224 403 2285 commixtos
425 2222 530 2297 ingens
554 2222 693 2297 Diogenis
714 2221 821 2280 Laertii
850 2228 984 2296 tempore
1007 2223 1155 2282 serebatur
1179 2231 1296 2296 praeter
1317 2223 1380 2282 Pla-

226 2337 326 2387 tonem
349 2332 378 2384 et
399 2323 623 2398 Xenophontem
646 2323 780 2384 collectio
802 2323 887 2382 euius
910 2323 958 2382 ille
976 2323 1119 2398 singulos
1147 2332 1244 2386 tontes
1270 2324 1379 2398 passim

226 2435 375 2497 recenset,
405 2425 462 2484 sub
484 2425 576 2486 titulis
603 2433 734 2485 veterum
756 2423 973 2484 Socraticorum
996 2425 1144 2484 edentium
1167 2425 1230 2484 sire
1253 2423 1380 2483 Socratis

226 2529 387 2588 amicorum
414 2526 460 2586 vcl
486 2540 588 2584 eonrm
616 2525 666 2598 qui
693 2540 853 2598 numquam
881 2524 946 2586 sinc
972 2526 1061 2584 dubio
1084 2527 1176 2586 libros
1198 2525 1380 2598 scripserunt

225 2632 304 2690 velut
324 2626 452 2688 cumnis
475 2626 604 2686 Simonis
627 2626 787 2686 Glauconis
801 2625 940 2687 Simmiae
963 2643 1080 2701 quoque
1101 2636 1130 2688 et
1145 2626 1271 2698 Cebetis,
1294 2626 1379 2686 cuius

226 2747 302 2807 quae
327 2744 407 2790 nuuc
433 2743 553 2802 quoque
580 2728 672 2788 lcrtur
697 2728 795 2788 tabula
817 2728 924 2788 Telelis
952 2729 1076 2788 tortasse
1103 2737 1234 2803 tempore
1260 2727 1378 2800 scripta,

225 2835 302 2893 sient
329 2832 425 2892 simile
452 2831 647 2904 fragmentum
682 2822 761 2908 napi
787 2819 987 2911 συγκρίσεως
1008 2820 1157 2892 πλούτου
1178 2824 1235 2892 καὶ
1261 2819 1379 2912 ἀρετῆς

221 2935 323 3009 (Stob.
344 2934 420 3014 Flor.
442 2930 494 3002 et,
510 2915 583 3003 33),
617 2930 745 3005 indeque
771 2948 789 2990 a
815 2933 917 2992 seculo
943 2939 1011 3004 post
1036 2931 1102 2990 Chr.
1131 2932 1221 2990 attero
1248 2940 1378 2992 veterum

223 3033 401 3096 testimoniis
423 3041 491 3092 uota
518 3032 587 3094 huic
609 3032 651 3091 rei
674 3041 772 3106 potest
798 3049 865 3094 esse
889 3034 1064 3093 documento
1086 3046 1146 3089 non
1168 3031 1268 3095 minus
1291 3049 1378 3106 quam

221 3151 351 3212 quaram
372 3136 475 3196 eadem
498 3134 572 3196 ratio
599 3143 646 3194 est
672 3134 736 3194 lalsi
763 3135 944 3196 Antisthenis
971 3122 1067 3213 λόγοι
1100 3147 1135 3192 cx
1163 3148 1286 3207 operam
1313 3135 1378 3194 cius

220 3239 361 3300 editionis
375 3246 456 3297 tamo
467 3235 562 3310 primo
574 3233 762 3308 (ouem)
778 3237 885 3296 servati
902 3225 998 3308 Athe
1012 3243 1041 3293 ct
1052 3223 1230 3310 Ὀδυσσεὺς
1244 3235 1376 3308 (heiste,

147 3333 148 3338 ’
221 3341 313 3402 Oratt.
328 3341 378 3401 Gr.
394 3339 464 3398 Vlll.
487 3354 515 3411 p.
532 3333 668 3400 52-63
696 3354 756 3398 una
776 3355 843 3400 cum
866 3338 948 3398 falsis
971 3337 1096 3410 Gorgiae
1119 3345 1149 3396 et
1169 3337 1377 3397 Alcidamautis

220 3459 248 3517 p.
266 3439 439 3514 tte-121).
481 3440 540 3500 Nee
563 3439 656 3514 magis
679 3440 715 3500 dc
737 3439 884 3515 Aristippo
900 3439 1020 3501 Euclide
1035 3439 1192 3500 Phaedone
1207 3438 1376 3499 auctoribus

219 3551 344 3604 constat.
387 3543 459 3602 Nam
481 3549 514 3604 ut
537 3542 673 3602 Socrates
695 3540 735 3600 ita
757 3541 829 3601 nihil
852 3541 1036 3615 scripserunt
1051 3539 1228 3600 Graecorum
1244 3547 1273 3598 et
1287 3539 1375 3598 huius

218 3645 322 3704 aetatis
349 3643 623 3704 antealexaudrinae
649 3651 679 3702 et
705 3642 867 3716 superioris
895 3642 987 3712 multi,
1011 3657 1136 3714 quorum
1158 3647 1261 3713 postca
1283 3639 1375 3700 libros

219 3745 287 3804 terri
315 3745 464 3820 lingebant
490 3747 569 3805 velut
596 3744 742 3818 diogenes
769 3743 896 3818 Cynicus
923 3742 1034 3816 Pyrrha
1062 3743 1253 3802 Menedemus
1281 3742 1374 3817 Stilpo

217 3846 384 3906 Arcesilaus
406 3846 581 3906 Carneades.
626 3846 704 3904 Nihil
719 3845 843 3919 scripsit
858 3845 1038 3918 Pythagoras
1052 3859 1150 3916 neque
1164 3845 1243 3904 ullus
1255 3844 1374 3904 omniuo

215 3948 474 4023 Pythagoreorum,
497 3949 577 4022 quod
594 3963 630 4006 en
646 3947 741 4022 ipsius
751 3945 917 4006 Aristotelis
928 3946 965 4004 de
975 3945 1012 4004 iis
1022 3944 1159 4004 narrandi
1175 3947 1265 4006 modo
1279 3946 1373 4006 elucet

214 4050 503 4126 tragrncntorumque
525 4049 623 4110 studio
649 4047 847 4110 confirmatur.
892 4046 951 4106 Nec
977 4053 1119 4119 exceptus
1146 4055 1192 4106 est
1214 4047 1371 4106 Philolaus.

213 4151 278 4210 Fuit
304 4151 381 4212 cuim
410 4153 658 4226 Pythagoreorum
687 4149 762 4208 vitae
790 4147 921 4212 doctrina
950 4138 1041 4226 (βίος
1060 4137 1302 4231 Πυθαγόρειος
1322 4149 1372 4222 qui

211 4253 287 4312 siem
305 4241 463 4335 Ὀρφικός
489 4253 548 4312 iarn
575 4267 592 4310 a
620 4251 740 4310 Platone
768 4249 987 4314 Pseudoccbete
1014 4257 1043 4310 et
1069 4258 1173 4324 postea
1195 4250 1370 4324 saepissime

210 4355 394 4428 praedicatur
416 4369 482 4414 cum
506 4352 633 4425 Orphica
655 4352 712 4410 rita
735 4352 878 4412 contusus
901 4350 1026 4410 manime
1049 4351 1086 4414 ab
1108 4351 1315 4412 Alexandrinis
1331 4351 1370 4410 ita
