3072 5164
789 355 830 416 72

237 535 267 586 et
287 526 355 604 iibri
377 543 481 588 omnes
502 528 666 603 peculiares
688 527 708 585 li
731 524 840 600 quibus
851 536 935 582 more
945 517 1137 592 Theophrasti
1152 511 1388 588 (oniuednonrm

238 605 289 686 de'
303 629 475 706 Anaxagora
500 629 642 689 librorum
669 629 792 688 altemm
819 625 887 685 citat
914 620 1016 694 Simpl.
1045 618 1075 677 in
1097 617 1184 692 Phys.
1209 615 1276 674 sch.
1293 607 1391 678 3351,

239 729 276 787 cl.
294 747 340 806 ap.
357 731 390 789 n.
407 732 439 790 1..
458 727 488 803 5,
503 729 555 789 42.
572 727 623 790 43.
640 728 691 788 44.
709 728 759 790 47.
777 725 818 786 49
846 724 963 784 libellos
989 723 1026 780 de
1047 718 1228 780 Anaximene
1251 712 1391 773 Archelao

241 829 371 906 Diogene
400 831 565 890 Democrito
595 831 761 890 Metrodoro
793 825 937 901 Aeschylo
966 820 1146 893 Xenocrate)
1178 818 1243 892 ipse
1276 827 1394 890 qnoque

240 930 413 992 Aristoteles
439 939 573 993 veterum
598 933 842 1007 philosophorum
869 919 1059 1002 dogmata'et
1080 920 1244 995 explicasse
1267 924 1297 977 et
1317 915 1395 976 relu-

242 1037 320 1092 tasse
342 1034 513 1110 perhibetur
534 1039 635 1108 utpote
658 1034 709 1108 qni
730 1028 881 1108 scripserit
902 1029 939 1086 de
960 1025 1066 1100 Magis,
1089 1025 1126 1083 de
1147 1022 1339 1092 Alcmaeone,
1361 1019 1397 1076 de

242 1131 432 1209 Xenophane,
455 1134 638 1206 parmenide,
662 1131 790 1206 Melissa,
814 1133 942 1201 Zenone,
965 1129 1001 1186 de
1013 1125 1130 1200 Gorgia,
1149 1125 1185 1184 de
1196 1120 1396 1199 Pythagoreis,

244 1235 281 1293 de
302 1235 436 1308 Platone,
459 1236 642 1310 Speusippo,
664 1235 828 1295 Xenocrate
851 1232 903 1306 (cf.
928 1229 1015 1288 etiam
1036 1229 1073 1286 de
1096 1225 1261 1286 Democrito
1282 1223 1400 1298 proble-

244 1338 351 1408 mata);
384 1353 476 1410 quum
509 1346 607 1396 lamen
634 1335 829 1412 philosophus
856 1335 881 1394 si
908 1331 1045 1406 antiquos
1073 1329 1192 1388 adhibet
1218 1335 1247 1386 et
1272 1325 1400 1386 breviter

245 1435 302 1494 hoc
323 1435 392 1496 lacit
412 1453 468 1497 neo
490 1438 630 1497 historiae
657 1453 746 1496 cansa
773 1443 804 1496 ut
826 1434 937 1509 posteri
964 1432 1018 1492 sed
1044 1430 1101 1504 ipsi
1128 1427 1334 1504 philosophiae
1356 1427 1401 1485 iu·

244 1543 343 1596 tentus
377 1539 428 1611 (ci
452 1539 575 1624 bletaph.
600 1537 629 1610 1,
649 1535 678 1597 3.
698 1534 787 1598 983b
804 1538 834 1596 4.
857 1538 945 1611 Phys.
959 1532 989 1606 1,
1001 1533 1030 1592 2.
1043 1528 1115 1602 185,
1128 1526 1170 1590 18
1185 1557 1228 1569 -
1248 1519 1317 1606 ἔχει
1337 1521 1400 1610 γὰρ

246 1627 494 1722 palocopiam}
517 1631 670 1724 σκέψις),
705 1654 807 1712 sparsa
839 1639 869 1698 in
896 1636 954 1696 illis
988 1649 1064 1710 quac
1096 1633 1192 1691 loveat
1217 1630 1402 1704 illustretque

247 1739 377 1800 venulis
410 1741 523 1800 semiue
555 1741 697 1814 colligens
730 1738 933 1814 principiaque
964 1750 1113 1798 consensu
1140 1731 1333 1805 confirmatam
1367 1731 1403 1790 de

128 1830 132 1834 ’
249 1854 308 1912 quo
330 1840 395 1915 ipse
417 1842 486 1901 dicit
508 1842 632 1916 Metapb.
651 1839 741 1912 1,10
762 1836 955 1918 (ci.1,7in.)
978 1838 1029 1912 qui
1051 1837 1126 1898 liber
1147 1834 1287 1895 historiae
1308 1833 1404 1907 philo·

249 1942 409 2014 sophorum
433 1941 588 2002 universae
611 1943 755 2016 quaedam
782 1940 965 2000 adumbratio
993 1937 1081 1998 huius
1102 1937 1264 1996 litterarum
1286 1934 1405 2009 generis

249 2043 328 2116 apud
350 2051 486 2116 posteros
509 2043 593 2116 quasi
616 2042 732 2100 initium
755 2042 809 2102 luit
831 2049 860 2100 et
881 2042 1009 2117 primum
1032 2037 1189 2112 exemplar.

333 2143 427 2202 Huius
449 2143 570 2204 rationis
593 2143 755 2217 specimina
777 2151 892 2202 servata
912 2144 1039 2217 legimus
1061 2148 1122 2199 tres
1144 2139 1237 2197 libros
1259 2137 1407 2196 cheno·

249 2243 355 2316 phane,
378 2245 566 2316 delinisse,
590 2245 626 2302 de
650 2243 766 2316 Gorgia,
789 2243 870 2302 nullo
892 2243 971 2302 inter
992 2257 1026 2302 se
1042 2257 1121 2300 nexu
1132 2247 1166 2298 ut
1175 2239 1250 2298 salso
1261 2239 1408 2300 conclusit

251 2343 374 2402 Mullnch
398 2345 444 2417 (iu
468 2347 535 2405 edit
560 2346 655 2404 Berol.
670 2340 754 2404 1845
777 2345 867 2419 praei.
879 2361 908 2418 p.
921 2344 980 2402 XV.
992 2343 1119 2413 Zellerl,
1131 2336 1209 2414 135)
1231 2340 1408 2400 coniunctos

251 2459 306 2504 nec
328 2446 421 2520 magis
443 2447 643 2520 Theophrasto
666 2445 806 2519 (Brendis
830 2443 934 2504 Gesch.
952 2445 980 2503 d.
995 2443 1069 2504 Phil.
1086 2439 1115 2515 1,
1132 2437 1211 2513 358)
1234 2457 1323 2514 qnam
1342 2441 1407 2500 Ari·

251 2547 349 2604 stoteli
371 2546 509 2620 (Krische
521 2547 639 2606 Torsch.
654 2544 683 2620 1,
695 2543 753 2619 89)
776 2553 809 2604 nt
830 2553 908 2605 recte
930 2545 1068 2604 indiomit
1089 2545 1142 2604 Th.
1158 2543 1254 2616 Bergk
1274 2541 1409 2602 tribuen-

252 2647 316 2717 dos,
340 2662 377 2705 ne
399 2646 456 2721 ipsi
478 2647 597 2721 quidem
620 2655 652 2706 nt
673 2649 789 2708 videtur
811 2647 961 2722 Simplicio
977 2647 1145 2722 quibusque
1160 2645 1209 2704 ille
1220 2643 1408 2718 potissimum

251 2761 325 2806 usus
348 2755 394 2806 est
415 2748 576 2824 Porphyrio
599 2756 628 2808 et
648 2749 810 2808 lamblicho
832 2749 934 2821 lectos,
959 2763 1051 2822 quum
1073 2762 1149 2821 quae
1171 2745 1302 2806 anchora
1320 2747 1410 2806 babet

251 2855 281 2907 et
302 2848 437 2923 ampliata
459 2858 562 2910 auctor
583 2849 649 2910 libri
672 2851 709 2909 de
732 2850 913 2925 Xenophane
936 2848 985 2924 qni
1002 2847 1121 2922 quidem
1137 2848 1301 2908 secundum
1315 2848 1410 2908 Theo·

252 2950 363 3023 phrasti
396 2952 540 3010 rationem
570 2960 598 3010 et
625 2952 751 3011 sortasse
785 2952 952 3024 exemplum
984 2948 1071 3025 primi
1100 2949 1219 3008 Eleatici
1246 2949 1411 3008 doctrinam
1511 2939 1512 2942 '

250 3052 447 3110 recentiorum
469 3051 603 3109 lormnlis
626 3059 655 3110 et
677 3052 896 3112 dialecticorum
922 3052 1040 3127 loquela
1065 3047 1237 3110 adulteravit
1263 3051 1315 3124 (cl.
1332 3049 1408 3110 Plnt.

251 3165 299 3224 ap.
314 3151 422 3210 Enseb.
438 3169 467 3227 p.
484 3169 510 3211 e.
524 3150 554 3225 1,
565 3150 597 3227 8,
611 3149 661 3225 5),
700 3152 803 3212 eodem
836 3168 873 3212 cx
905 3152 1098 3226 Theophrasti
1131 3151 1253 3228 physica
1284 3152 1411 3212 historia

253 3251 371 3326 (simpl.
395 3253 426 3311 in
448 3253 536 3330 Phys.
559 3255 579 3313 l.
593 3252 627 3327 6)
657 3270 744 3329 quam
771 3269 808 3312 ex
835 3255 891 3312 boc
913 3262 1032 3314 anctore
1055 3253 1105 3328 qni
1127 3253 1276 3312 serebatur
1297 3253 1412 3314 bristo-

251 3353 326 3412 telcs
348 3369 467 3413 sumere
488 3355 623 3416 maluerit
646 3355 815 3430 Simplicius
837 3371 935 3430 neque
958 3355 1044 3417 etiam
1066 3355 1154 3414 alium
1178 3355 1284 3415 librum
1307 3355 1412 3432 singu·

253 3455 343 3513 larem
366 3454 515 3515 Aristoteli
527 3456 707 3530 adscriptum
723 3449 809 3540 πρὸς
818 3449 1033 3541 Παρμενίδην
1048 3471 1135 3530 quem
1149 3455 1286 3516 omittunt
1296 3457 1411 3518 indices

252 3554 295 3613 lo.
318 3554 500 3631 Philopouns
522 3556 581 3616 nisi
603 3558 680 3617 lama
702 3569 820 3635 accepta
842 3561 1012 3635 cognoverit
1026 3557 1171 3631 (inPbys.
1185 3557 1252 3616 Sch.
1265 3553 1409 3633 salut).

254 3656 294 3716 lle
316 3656 497 3733 Xenophane
519 3659 597 3716 huuc
620 3675 687 3718 esse
714 3662 822 3720 librum
850 3661 900 3736 qui
928 3661 1016 3734 vulgo
1040 3661 1077 3718 de
1100 3660 1218 3718 Zenone
1240 3658 1412 3719 inscribitur

254 3762 340 3814 etex
364 3759 527 3817 sententiae
553 3766 655 3820 tenore
677 3763 859 3839 theologico,
887 3766 1008 3836 propter
1035 3775 1123 3835 quem
1151 3760 1188 3818 ad
1216 3761 1411 3834 theologicam

253 3857 351 3930 potius
373 3859 524 3919 historiam
547 3876 634 3936 quam
658 3865 694 3922 ad
716 3864 867 3941 physicam
889 3861 1037 3936 pertinere
1052 3862 1243 3936 Xenophanis
1258 3863 1411 3922 doctrinae

253 3959 468 4033 expositionem
489 3978 577 4036 qnam
605 3963 636 4022 in
659 3967 715 4024 hoc
743 3973 841 4024 nmen
869 3964 1008 4040 physicae
1031 3962 1170 4022 historiae
1197 3964 1263 4023 loco
1285 3963 1413 4024 instituit

253 4059 471 4136 Theophrastus
501 4079 646 4124 excusans
674 4066 746 4126 dixit
779 4067 831 4139 (cl.
845 4063 1162 4140 Zeller1,137uot),
1197 4071 1226 4124 et
1253 4080 1288 4124 ex
1316 4065 1411 4140 ipsius

253 4166 381 4223 auctoris
403 4166 500 4225 verbis
523 4167 657 4242 sequitur
679 4168 805 4226 Zenonis
829 4166 990 4228 doctrinam
1013 4169 1050 4228 ab
1073 4183 1106 4226 ca
1129 4181 1217 4241 qnam
1240 4166 1323 4228 initio
1342 4182 1412 4242 pro-

252 4263 352 4336 posuit
374 4265 484 4352 diserte
507 4267 703 4328 disccrneutis
725 4285 753 4342 p.
771 4265 876 4340 otoo
898 4269 990 4343 (puae
1012 4276 1149 4342 corrupta
1171 4268 1247 4326 male
1270 4267 1412 4328 intellexit

252 4363 386 4439 Zellerl,
401 4363 463 4428 135
478 4371 555 4442 not.)
581 4371 616 4429 ci.
635 4370 757 4430 binllacb
773 4388 801 4446 p.
815 4369 865 4431 61.
890 4371 973 4430 Sicut
995 4386 1063 4430 vero
1087 4385 1161 4444 quae
1178 4370 1215 4429 de
1231 4370 1411 4445 Xenophane
