3036 5164
805 315 867 380 128

260 489 399 548 universo
422 490 546 564 eiusque
569 503 656 548 causa
679 487 805 562 explicat
826 488 857 561 4,
872 484 966 560 3-4,
994 488 1076 561 prius
1100 488 1266 548 necessario
1287 486 1419 546 dicenda

261 590 380 648 luerunt
412 606 499 664 quam
534 606 609 662 qrrae
637 590 674 649 de
701 590 808 663 optima
842 590 895 650 sed
923 589 1009 650 etiam
1036 589 1115 662 quod
1137 588 1369 648 introductionis
1392 587 1420 644 in

261 691 431 750 universum
454 691 669 752 institutionum
692 691 876 764 politicarum
902 690 1124 750 iudicandarum
1150 691 1300 766 negotium
1325 688 1422 748 mani-

262 795 368 854 festam
401 793 530 867 speciem
563 801 645 867 gerat
671 792 738 853 libri
766 793 861 868 quarti
887 791 1070 866 prooemium
1093 791 1202 866 (4,1).
1246 791 1300 850 Ubi
1331 806 1422 864 quam

264 896 334 956 dicit
355 889 413 979 τὴν
435 883 503 956 κατ’
528 883 624 977 εὐχὴν
646 895 681 967 (i.
698 911 723 954 e.
741 883 873 968 ἁπλῶς)
899 882 1035 975 ἀρίστην
1056 894 1118 952 sive
1142 909 1238 952 veram
1261 892 1424 954 aristocra-

263 999 332 1057 tiam
355 995 434 1070 (17
449 997 485 1055 cl.
500 993 676 1069 1326637)
697 1012 763 1055 eam
786 995 984 1070 optimamque
1007 1011 1064 1070 qua
1087 995 1189 1055 nititur
1210 994 1318 1054 civium
1332 993 1422 1052 vitam

264 1101 433 1173 cultumque
456 1098 607 1174 aptissime
630 1106 698 1173 post
719 1097 864 1157 variarum
887 1096 1052 1172 specierum
1074 1096 1290 1156 multitudinem
1306 1105 1340 1154 et
1355 1101 1425 1170 post

264 1202 411 1260 intellecta
432 1199 503 1259 vitia
523 1206 554 1258 et
574 1199 793 1259 vicissitudines
815 1199 845 1256 in
868 1197 932 1272 ipso
955 1197 1045 1256 totius
1068 1197 1166 1270 operis
1190 1197 1247 1258 dne
1269 1197 1425 1272 legislator

265 1301 400 1375 instituit,
423 1301 453 1359 id
474 1301 556 1376 quod
578 1301 615 1359 ita
637 1307 667 1359 et
688 1301 853 1360 iaciendum
876 1313 945 1358 esse
967 1297 997 1356 in
1020 1297 1186 1358 Ethicorum
1200 1298 1300 1358 lineet
1313 1299 1425 1358 sactum

267 1419 334 1464 esse
356 1402 474 1461 disertis
497 1401 595 1461 verbis
618 1402 732 1460 monuit
753 1402 818 1476 ipse
839 1407 942 1459 auctor
957 1399 1040 1457 Polit
1053 1396 1083 1470 7,
1096 1398 1125 1456 4.
1142 1397 1251 1459 13251)
1266 1396 1325 1461 34:
1352 1393 1425 1462 ἐπεὶ

268 1499 306 1566 δὲ
328 1493 595 1586 πεφροιμίασται
618 1535 659 1544 —-
681 1496 739 1563 καὶ
764 1496 842 1581 περὶ
862 1494 923 1572 τὰς
944 1487 1049 1574 ἄλλοις
1071 1492 1246 1576 πολιτείας
1268 1491 1351 1586 ἡμῖν
1373 1521 1422 1562 τε-

267 1595 442 1688 θεώρηται
475 1593 653 1686 πρότερον,
687 1591 768 1687 ἀρχὴ
791 1601 857 1664 τῶν
878 1599 1009 1664 λοιπῶν
1037 1593 1143 1664 εἰπεῖν
1164 1600 1297 1685 πρῶτον
1320 1596 1426 1677 ποίας

267 1702 361 1780 τινὰς
383 1703 436 1768 δεῖ
454 1699 514 1780 τὰς
536 1694 722 1780 ὑποθέσεις
744 1691 830 1768 εἶναι
854 1700 933 1788 περὶ
953 1702 1012 1788 τῆς
1031 1694 1217 1786 μελλούσης
1238 1694 1308 1768 κατ’
1327 1695 1423 1788 εὐχήν

267 1799 465 1874 συνεστάναι
485 1798 629 1880 πόλεως.
674 1807 755 1876 Quae
783 1808 902 1881 quidem
928 1823 996 1882 pars
1026 1813 1058 1864 ut
1079 1809 1301 1882 supradictum
1327 1815 1377 1868 est
1398 1814 1425 1865 et

267 1914 325 1972 iam
345 1929 362 1971 a
385 1912 528 1970 Guilelmo
550 1911 587 1969 de
610 1909 765 1968 Moerheka
785 1908 931 1968 versionis
953 1909 1059 1968 latinae
1081 1917 1199 1968 anctore
1216 1909 1339 1982 (St-llil.
1353 1907 1422 1983 pref.

268 2032 296 2088 p.
310 2011 367 2085 79)
390 2013 568 2071 intellectum
590 2012 639 2084 (ut
660 2013 747 2070 docet
766 2010 914 2070 adnotatio
939 2009 1003 2068 eius
1025 2009 1054 2067 in
1079 2009 1137 2068 tine
1158 2011 1268 2084 scripta
1282 2009 1423 2069 Jourdain

268 2132 297 2189 p.
314 2110 386 2172 181.
409 2113 446 2170 cf.
470 2113 534 2170 cod.
558 2112 607 2170 Gr.
630 2129 676 2188 ap.
700 2112 795 2170 Stahr.
820 2112 866 2169 ed.
889 2112 949 2169 Pol.
974 2118 1047 2170 extr.
1063 2143 1107 2152 »-
1129 2112 1291 2188 dellyriaci
1305 2113 1423 2172 Strozae

268 2221 390 2288 propter
411 2212 535 2270 eandem
558 2228 675 2271 calisam
698 2213 910 2286 supplementis
933 2215 1035 2272 seculo
1063 2221 1147 2272 sexte
1176 2215 1290 2274 decimo
1315 2216 1425 2276 Graece

270 2314 389 2388 scriptis
411 2313 446 2371 cf.
469 2313 588 2386 praefat.
618 2314 682 2373 eius
704 2314 734 2372 in
762 2314 808 2372 ed.
831 2313 958 2386 huvel,
982 2314 1073 2374 Paris.
1096 2311 1190 2387 1654,
1213 2323 1233 2373 t.
1250 2317 1285 2374 llt
1300 2333 1331 2391 p.
1350 2313 1424 2389 617)

271 2415 441 2489 imperfecta
473 2429 553 2472 nunc
580 2413 699 2488 legitur:
734 2415 859 2475 debehat
881 2415 960 2474 enim
983 2431 1041 2474 non
1065 2408 1290 2494 παιδονομίαν
1313 2427 1423 2478 tautum

270 2517 324 2574 sed
346 2516 476 2575 virorum
499 2515 585 2573 etiam
607 2523 637 2574 et
658 2515 815 2574 mulierum
835 2517 972 2576 virtutem
994 2525 1023 2576 et
1044 2526 1146 2588 eontra
1163 2534 1267 2578 servos
1290 2520 1423 2580 domino·

271 2633 337 2676 rum
360 2617 527 2680 describere
549 2631 614 2674 eam
636 2631 712 2689 quae
733 2618 873 2690 optimam
895 2621 980 2678 decet
1000 2619 1144 2680 civitatem
1167 2629 1342 2694 argumento
1365 2619 1425 2694 qni·

271 2720 339 2777 dem
361 2733 396 2776 ev
419 2723 502 2791 parte
524 2717 696 2789 domestico,
718 2725 749 2776 at
769 2717 957 2778 Politicorum
980 2721 1061 2795 operi
1085 2723 1292 2796 doctrinaeque
1307 2720 1424 2801 proprio

272 2827 301 2878 et
323 2819 442 2878 minime
465 2826 609 2893 separate.
655 2819 838 2878 Manifestum
861 2801 958 2880 tamen
980 2827 1027 2880 est
1049 2823 1179 2882 ultimam
1202 2823 1279 2882 illam
1290 2825 1424 2898 politicae

272 2923 422 2981 doctrinae
444 2919 616 2994 particulam
639 2920 691 2992 (ei.
707 2916 792 2980 1260
807 2919 873 2979 012
890 2927 919 2978 et
933 2919 990 2994 21)
1013 2939 1101 2997 quam
1124 2925 1242 3000 saepius
1265 2925 1378 2984 indicat
1397 2923 1424 2981 in

272 3023 421 3096 prioribus
453 3020 625 3079 Aristoteles
657 3017 704 3093 (7,
720 3017 750 3079 5.
774 3018 883 3080 13265
898 3018 950 3082 33.
976 3021 1006 3095 7,
1022 3022 1073 3086 10.
1097 3021 1191 3099 1330,
1207 3023 1236 3085 5.
1252 3023 1304 3086 33.
1330 3023 1422 3099 7,16.

273 3119 431 3192 133561;
455 3128 484 3178 at
494 3118 524 3192 7,
542 3119 560 3178 t
574 3128 645 3178 extr.
659 3129 770 3194 spectat
784 3124 821 3180 ad
838 3120 868 3195 7,
885 3120 953 3196 13),
976 3124 1002 3182 si
1025 3141 1127 3184 revera
1148 3126 1266 3202 scripsit
1288 3129 1423 3201 stetitque

273 3221 422 3298 promisso
456 3221 485 3278 id
511 3223 592 3296 quod
613 3222 662 3279 vix
684 3223 853 3296 negaveris,
886 3225 1047 3299 antiquitus
1069 3235 1149 3286 certe
1169 3231 1314 3302 perditam
1338 3230 1424 3289 inisse

274 3333 304 3382 et
325 3332 392 3382 ante
415 3321 613 3380 Andronicum
636 3330 834 3398 renovataque
857 3327 953 3385 studia
976 3327 1168 3388 aristotelica.
1214 3332 1328 3390 Posteri
1352 3331 1424 3391 enim

274 3410 354 3485 velut
384 3425 573 3484 Philodemus
604 3421 634 3481 in
661 3427 851 3486 oeconomica
879 3429 1011 3488 doctrina
1037 3432 1178 3491 tradenda
1205 3433 1423 3508 Xenophontem

275 3529 335 3586 iere
357 3534 523 3602 sequuntur
549 3532 578 3582 et
599 3532 753 3584 tractatum
781 3527 870 3587 istum
893 3529 1120 3590 oeconomicum
1149 3533 1226 3592 inter
1246 3534 1424 3596 Aristoteliea

275 3637 435 3702 servatum,
464 3643 552 3702 quem
578 3625 676 3700 ipsum
703 3627 766 3686 sive
794 3629 919 3690 similem
942 3633 1124 3708 Peripatetici
1147 3635 1300 3696 cniusdam
1322 3637 1424 3696 librum

275 3732 362 3791 etiem
385 3728 505 3787 Cassius
528 3726 685 3801 Dionysius
712 3729 858 3791 Uticensis
885 3734 914 3792 in
942 3734 1024 3792 libris
1052 3737 1088 3794 de
1115 3751 1147 3794 re
1173 3737 1281 3796 rustica
1309 3739 1425 3798 deser

277 3847 381 3890 vorum
404 3829 574 3888 conditione
596 3843 688 3902 agens
711 3833 772 3904 (ap.
787 3834 908 3894 Varron.
926 3835 1197 3910 dererust.1,17.
1219 3840 1256 3898 ci.
1271 3837 1425 3898 Schneider

276 3933 312 3990 ad
328 3933 356 3990 h.
375 3931 393 3988 1.
409 3947 437 4004 p.
451 3927 514 3990 300
526 3930 588 4004 sq.)
612 3930 780 4003 respexisse
802 3942 831 3993 et
853 3937 1048 4012 exscripsisse
1070 3940 1308 4014 deprehenditur.
1340 3937 1423 3999 Cuius

276 4041 378 4092 auctor
399 4047 488 4104 quem
511 4031 745 4104 Theophrastum
769 4036 829 4093 vult
851 4037 1039 4098 Philodemus
1054 4040 1104 4112 qui
1120 4041 1447 4100 oeconomieaeTheo·x

276 4137 432 4210 phrasteae
454 4137 609 4206 praccepta
630 4134 777 4206 excerpsit
811 4137 886 4197 libro
920 4139 956 4198 de
989 4139 1052 4198 virt.
1084 4150 1113 4201 et
1135 4143 1184 4201 vit.
1207 4143 1263 4202 coi.
1281 4137 1424 4202 Vll—llll

156 4309 161 4319 ..
277 4235 442 4310 (Geettliug
469 4233 547 4292 euim
574 4231 673 4291 intr.
699 4234 807 4294 Occcn.
835 4255 863 4312 p.
880 4241 942 4298 lllll
974 4240 1011 4299 dc
1045 4242 1110 4302 loco
1144 4258 1235 4318 agens
1268 4237 1422 4306 Philodami

276 4355 305 4411 p.
321 4333 411 4409 45,ss
434 4335 562 4394 auctoris
586 4334 759 4394 seutentiam
782 4342 950 4414 pervertit),
973 4359 1035 4402 rent
1059 4344 1250 4404 domesticam
1272 4363 1332 4406 non
1354 4347 1422 4404 insu
