<?xml version="1.0" encoding="UTF-8"?>
<!DOCTYPE html PUBLIC "-//W3C//DTD XHTML 1.0 Transitional//EN"
    "http://www.w3.org/TR/xhtml1/DTD/xhtml1-transitional.dtd">
<html xmlns="http://www.w3.org/1999/xhtml" xml:lang="en" lang="en">
 <head>
  <title>
</title>
<meta http-equiv="Content-Type" content="text/html;charset=utf-8" />
  <meta name='ocr-system' content='tesseract 3.04.00' />
  <meta name='ocr-capabilities' content='ocr_page ocr_carea ocr_par ocr_line ocrx_word'/>
</head>
<body>
  <div class='ocr_page' id='page_1' title='image "./dearistotelisli01rosegoog_0144.png"; bbox 0 0 3036 5164; ppageno 0'>
   <div class='ocr_carea' id='block_1_1' title="bbox 654 387 717 454">
    <p class='ocr_par' dir='ltr' id='par_1_1' title="bbox 654 387 717 454">
     <span class='ocr_line' id='line_1_1' title="bbox 654 387 717 454; baseline 0.032 -2"><span class='ocrx_word' id='word_1_1' title='bbox 654 387 717 454; x_wconf 77' lang='lat'>137</span> 
     </span>
    </p>
   </div>
   <div class='ocr_carea' id='block_1_2' title="bbox 102 559 1268 947">
    <p class='ocr_par' dir='ltr' id='par_1_2' title="bbox 102 559 1268 947">
     <span class='ocr_line' id='line_1_2' title="bbox 103 559 1266 638; baseline -0.004 -15"><span class='ocrx_word' id='word_1_2' title='bbox 103 578 212 624; x_wconf 86' lang='lat' dir='ltr'>revera</span> <span class='ocrx_word' id='word_1_3' title='bbox 239 563 275 622; x_wconf 85' lang='lat' dir='ltr'>ab</span> <span class='ocrx_word' id='word_1_4' title='bbox 303 563 441 624; x_wconf 91' lang='lat' dir='ltr'>omnibus</span> <span class='ocrx_word' id='word_1_5' title='bbox 470 563 659 636; x_wconf 78' lang='lat' dir='ltr'>concedatur,</span> <span class='ocrx_word' id='word_1_6' title='bbox 694 566 731 624; x_wconf 90' lang='lat' dir='ltr'>dc</span> <span class='ocrx_word' id='word_1_7' title='bbox 754 563 878 638; x_wconf 86' lang='lat' dir='ltr'>singulis</span> <span class='ocrx_word' id='word_1_8' title='bbox 901 577 977 637; x_wconf 90' lang='lat' dir='ltr'>quae</span> <span class='ocrx_word' id='word_1_9' title='bbox 999 575 1086 620; x_wconf 89' lang='lat' dir='ltr'>verae</span> <span class='ocrx_word' id='word_1_10' title='bbox 1109 559 1169 619; x_wconf 90' lang='lat' dir='ltr'>siut</span> <span class='ocrx_word' id='word_1_11' title='bbox 1191 571 1266 634; x_wconf 88' lang='lat' dir='ltr'>quae</span> 
     </span>
     <span class='ocr_line' id='line_1_3' title="bbox 105 662 1266 740; baseline -0.003 -17"><span class='ocrx_word' id='word_1_12' title='bbox 105 665 228 738; x_wconf 87' lang='lat' dir='ltr'>spuriae</span> <span class='ocrx_word' id='word_1_13' title='bbox 251 666 316 726; x_wconf 86' lang='lat' dir='ltr'>solo</span> <span class='ocrx_word' id='word_1_14' title='bbox 338 668 457 727; x_wconf 87' lang='lat' dir='ltr'>arbitrio</span> <span class='ocrx_word' id='word_1_15' title='bbox 479 667 635 740; x_wconf 87' lang='lat' dir='ltr'>iudicante,</span> <span class='ocrx_word' id='word_1_16' title='bbox 659 666 756 726; x_wconf 92' lang='lat' dir='ltr'>omnis</span> <span class='ocrx_word' id='word_1_17' title='bbox 777 667 891 724; x_wconf 89' lang='lat' dir='ltr'>illarum</span> <span class='ocrx_word' id='word_1_18' title='bbox 915 663 1063 724; x_wconf 89' lang='lat' dir='ltr'>evanescit</span> <span class='ocrx_word' id='word_1_19' title='bbox 1084 662 1159 721; x_wconf 88' lang='lat' dir='ltr'>tides</span> <span class='ocrx_word' id='word_1_20' title='bbox 1179 677 1266 721; x_wconf 86' lang='lat' dir='ltr'>usus-</span> 
     </span>
     <span class='ocr_line' id='line_1_4' title="bbox 104 767 1265 844; baseline -0.002 -18"><span class='ocrx_word' id='word_1_21' title='bbox 104 783 168 842; x_wconf 91' lang='lat' dir='ltr'>que</span> <span class='ocrx_word' id='word_1_22' title='bbox 190 768 368 842; x_wconf 73' lang='lat' dir='ltr'>praeciditur</span> <span class='ocrx_word' id='word_1_23' title='bbox 394 771 543 844; x_wconf 88' lang='lat' dir='ltr'>totiusque</span> <span class='ocrx_word' id='word_1_24' title='bbox 571 770 658 829; x_wconf 92' lang='lat' dir='ltr'>simul</span> <span class='ocrx_word' id='word_1_25' title='bbox 681 768 863 844; x_wconf 84' lang='lat' dir='ltr'><strong>quaestionis</strong></span> <span class='ocrx_word' id='word_1_26' title='bbox 890 768 1010 827; x_wconf 89' lang='lat' dir='ltr'>unicum</span> <span class='ocrx_word' id='word_1_27' title='bbox 1033 767 1265 825; x_wconf 81' lang='lat' dir='ltr'>tundamentum.</span> 
     </span>
     <span class='ocr_line' id='line_1_5' title="bbox 102 868 1268 947; baseline 0 -19"><span class='ocrx_word' id='word_1_28' title='bbox 102 869 142 928; x_wconf 82' lang='lat' dir='ltr'>At</span> <span class='ocrx_word' id='word_1_29' title='bbox 166 871 288 931; x_wconf 92' lang='lat' dir='ltr'>omnino</span> <span class='ocrx_word' id='word_1_30' title='bbox 310 875 385 934; x_wconf 90' lang='lat' dir='ltr'>tales</span> <span class='ocrx_word' id='word_1_31' title='bbox 405 874 488 932; x_wconf 90' lang='lat' dir='ltr'>locos</span> <span class='ocrx_word' id='word_1_32' title='bbox 510 872 734 947; x_wconf 75' lang='lat' dir='ltr'>interpolatione</span> <span class='ocrx_word' id='word_1_33' title='bbox 764 871 826 930; x_wconf 89' lang='lat' dir='ltr'>sive</span> <span class='ocrx_word' id='word_1_34' title='bbox 854 869 948 944; x_wconf 89' lang='lat' dir='ltr'>ipsius</span> <span class='ocrx_word' id='word_1_35' title='bbox 971 868 1136 928; x_wconf 77' lang='lat' dir='ltr'>Aristotelis</span> <span class='ocrx_word' id='word_1_36' title='bbox 1163 876 1268 942; x_wconf 88' lang='lat' dir='ltr'>postea</span> 
     </span>
    </p>
   </div>
   <div class='ocr_carea' id='block_1_3' title="bbox 104 958 1369 1047">
    <p class='ocr_par' dir='ltr' id='par_1_3' title="bbox 104 958 1369 1047">
     <span class='ocr_line' id='line_1_6' title="bbox 104 958 1369 1047; baseline -0.001 -16"><span class='ocrx_word' id='word_1_37' title='bbox 104 973 267 1047; x_wconf 80' lang='lat' dir='ltr'>relegentis</span> <span class='ocrx_word' id='word_1_38' title='bbox 295 975 359 1035; x_wconf 88' lang='lat' dir='ltr'>sire</span> <span class='ocrx_word' id='word_1_39' title='bbox 380 975 498 1035; x_wconf 86' lang='lat' dir='ltr'>lactoris</span> <span class='ocrx_word' id='word_1_40' title='bbox 524 976 677 1035; x_wconf 89' lang='lat' dir='ltr'>cuiusdam</span> <span class='ocrx_word' id='word_1_41' title='bbox 704 973 834 1033; x_wconf 89' lang='lat' dir='ltr'>adiectos</span> <span class='ocrx_word' id='word_1_42' title='bbox 857 986 940 1042; x_wconf 89' lang='lat' dir='ltr'>esse,</span> <span class='ocrx_word' id='word_1_43' title='bbox 968 979 1088 1046; x_wconf 90' lang='lat' dir='ltr'>propter</span> <span class='ocrx_word' id='word_1_44' title='bbox 1114 970 1213 1046; x_wconf 88' lang='lat' dir='ltr'>ipsum</span> <span class='ocrx_word' id='word_1_45' title='bbox 1235 970 1266 1030; x_wconf 93' lang='lat' dir='ltr'>in</span> <span class='ocrx_word' id='word_1_46' title='bbox 1366 958 1369 964; x_wconf 70' lang='grc'><strong>’</strong></span> 
     </span>
    </p>
   </div>
   <div class='ocr_carea' id='block_1_4' title="bbox 97 1071 1267 4542">
    <p class='ocr_par' dir='ltr' id='par_1_4' title="bbox 97 1071 1267 4542">
     <span class='ocr_line' id='line_1_7' title="bbox 103 1071 1266 1152; baseline -0.003 -19"><span class='ocrx_word' id='word_1_47' title='bbox 103 1076 166 1134; x_wconf 88' lang='lat' dir='ltr'>illis</span> <span class='ocrx_word' id='word_1_48' title='bbox 194 1075 381 1136; x_wconf 82' lang='lat' dir='ltr'>citationibus</span> <span class='ocrx_word' id='word_1_49' title='bbox 412 1078 587 1138; x_wconf 83' lang='lat' dir='ltr'>adhibendis</span> <span class='ocrx_word' id='word_1_50' title='bbox 620 1078 706 1152; x_wconf 89' lang='lat' dir='ltr'>quale</span> <span class='ocrx_word' id='word_1_51' title='bbox 734 1075 794 1134; x_wconf 90' lang='lat' dir='ltr'>lere</span> <span class='ocrx_word' id='word_1_52' title='bbox 826 1081 872 1132; x_wconf 89' lang='lat' dir='ltr'>est</span> <span class='ocrx_word' id='word_1_53' title='bbox 897 1073 993 1148; x_wconf 92' lang='lat' dir='ltr'>ipsius</span> <span class='ocrx_word' id='word_1_54' title='bbox 1015 1073 1166 1148; x_wconf 89' lang='lat' dir='ltr'>scriptoris</span> <span class='ocrx_word' id='word_1_55' title='bbox 1188 1071 1266 1131; x_wconf 91' lang='lat' dir='ltr'>arbi·</span> 
     </span>
     <span class='ocr_line' id='line_1_8' title="bbox 103 1174 1266 1240; baseline -0.003 -4"><span class='ocrx_word' id='word_1_56' title='bbox 103 1178 196 1237; x_wconf 93' lang='lat' dir='ltr'>trium</span> <span class='ocrx_word' id='word_1_57' title='bbox 220 1179 299 1237; x_wconf 94' lang='lat' dir='ltr'>omni</span> <span class='ocrx_word' id='word_1_58' title='bbox 325 1187 404 1238; x_wconf 89' lang='lat' dir='ltr'>certa</span> <span class='ocrx_word' id='word_1_59' title='bbox 431 1181 544 1239; x_wconf 88' lang='lat' dir='ltr'>ratione</span> <span class='ocrx_word' id='word_1_60' title='bbox 571 1180 742 1240; x_wconf 88' lang='lat' dir='ltr'>destitutum</span> <span class='ocrx_word' id='word_1_61' title='bbox 763 1209 806 1220; x_wconf 81' lang='lat'><em>-</em></span> <span class='ocrx_word' id='word_1_62' title='bbox 828 1176 916 1236; x_wconf 92' lang='lat' dir='ltr'>modo</span> <span class='ocrx_word' id='word_1_63' title='bbox 943 1175 1022 1234; x_wconf 88' lang='lat' dir='ltr'>enim</span> <span class='ocrx_word' id='word_1_64' title='bbox 1045 1175 1117 1234; x_wconf 92' lang='lat' dir='ltr'>locis</span> <span class='ocrx_word' id='word_1_65' title='bbox 1140 1174 1266 1234; x_wconf 85' lang='lat' dir='ltr'>maxime</span> 
     </span>
     <span class='ocr_line' id='line_1_9' title="bbox 103 1275 1265 1355; baseline -0.003 -17"><span class='ocrx_word' id='word_1_66' title='bbox 103 1279 282 1354; x_wconf 88' lang='lat' dir='ltr'>opportunis</span> <span class='ocrx_word' id='word_1_67' title='bbox 305 1281 440 1355; x_wconf 88' lang='lat' dir='ltr'>aptisque</span> <span class='ocrx_word' id='word_1_68' title='bbox 463 1281 536 1340; x_wconf 88' lang='lat' dir='ltr'>alios</span> <span class='ocrx_word' id='word_1_69' title='bbox 559 1280 651 1341; x_wconf 91' lang='lat' dir='ltr'>libros</span> <span class='ocrx_word' id='word_1_70' title='bbox 674 1282 763 1340; x_wconf 90' lang='lat' dir='ltr'>citare</span> <span class='ocrx_word' id='word_1_71' title='bbox 787 1278 916 1353; x_wconf 83' lang='lat' dir='ltr'>negligit,</span> <span class='ocrx_word' id='word_1_72' title='bbox 941 1279 1028 1338; x_wconf 91' lang='lat' dir='ltr'>modo</span> <span class='ocrx_word' id='word_1_73' title='bbox 1051 1277 1120 1338; x_wconf 86' lang='lat' dir='ltr'>citat</span> <span class='ocrx_word' id='word_1_74' title='bbox 1134 1275 1199 1336; x_wconf 88' lang='lat' dir='ltr'>aliis</span> <span class='ocrx_word' id='word_1_75' title='bbox 1214 1276 1265 1335; x_wconf 89' lang='lat' dir='ltr'>ubi</span> 
     </span>
     <span class='ocr_line' id='line_1_10' title="bbox 103 1379 1266 1458; baseline -0.001 -18"><span class='ocrx_word' id='word_1_76' title='bbox 103 1383 201 1442; x_wconf 90' lang='lat' dir='ltr'>multo</span> <span class='ocrx_word' id='word_1_77' title='bbox 234 1382 334 1442; x_wconf 90' lang='lat' dir='ltr'>rninus</span> <span class='ocrx_word' id='word_1_78' title='bbox 367 1383 584 1458; x_wconf 82' lang='lat' dir='ltr'>exspectaveris</span> <span class='ocrx_word' id='word_1_79' title='bbox 612 1415 654 1426; x_wconf 48' lang='grc' dir='ltr'>-α</span> <span class='ocrx_word' id='word_1_80' title='bbox 676 1399 731 1442; x_wconf 92' lang='lat' dir='ltr'>nec</span> <span class='ocrx_word' id='word_1_81' title='bbox 764 1395 824 1440; x_wconf 91' lang='lat' dir='ltr'>uon</span> <span class='ocrx_word' id='word_1_82' title='bbox 857 1389 977 1455; x_wconf 91' lang='lat' dir='ltr'>propter</span> <span class='ocrx_word' id='word_1_83' title='bbox 1010 1379 1221 1456; x_wconf 86' lang='lat' dir='ltr'>exemplarium</span> <span class='ocrx_word' id='word_1_84' title='bbox 1249 1396 1266 1439; x_wconf 92' lang='lat' dir='ltr'>a</span> 
     </span>
     <span class='ocr_line' id='line_1_11' title="bbox 102 1467 1265 1560; baseline -0.002 -16"><span class='ocrx_word' id='word_1_85' title='bbox 102 1467 211 1559; x_wconf 89' lang='lat' dir='ltr'>primis</span> <span class='ocrx_word' id='word_1_86' title='bbox 233 1484 443 1560; x_wconf 84' lang='lat' dir='ltr'>interpretibus</span> <span class='ocrx_word' id='word_1_87' title='bbox 466 1494 494 1546; x_wconf 90' lang='lat' dir='ltr'>et</span> <span class='ocrx_word' id='word_1_88' title='bbox 516 1486 552 1544; x_wconf 92' lang='lat' dir='ltr'>ab</span> <span class='ocrx_word' id='word_1_89' title='bbox 575 1485 740 1544; x_wconf 83' lang='lat' dir='ltr'>Alexandro</span> <span class='ocrx_word' id='word_1_90' title='bbox 760 1482 932 1542; x_wconf 86' lang='lat' dir='ltr'>collatorum</span> <span class='ocrx_word' id='word_1_91' title='bbox 947 1483 1177 1558; x_wconf 87' lang='lat' dir='ltr'>versionumque</span> <span class='ocrx_word' id='word_1_92' title='bbox 1192 1483 1265 1542; x_wconf 86' lang='lat' dir='ltr'>adeo</span> 
     </span>
     <span class='ocr_line' id='line_1_12' title="bbox 104 1585 1265 1661; baseline 0 -17"><span class='ocrx_word' id='word_1_93' title='bbox 104 1586 296 1645; x_wconf 83' lang='lat' dir='ltr'>Arabicarum</span> <span class='ocrx_word' id='word_1_94' title='bbox 330 1603 510 1647; x_wconf 88' lang='lat' dir='ltr'>consensum</span> <span class='ocrx_word' id='word_1_95' title='bbox 543 1587 664 1647; x_wconf 89' lang='lat' dir='ltr'>minime</span> <span class='ocrx_word' id='word_1_96' title='bbox 698 1593 743 1646; x_wconf 89' lang='lat' dir='ltr'>est</span> <span class='ocrx_word' id='word_1_97' title='bbox 772 1585 940 1646; x_wconf 91' lang='lat' dir='ltr'>verisimile.</span> <span class='ocrx_word' id='word_1_98' title='bbox 987 1587 1161 1661; x_wconf 89' lang='lat' dir='ltr'>Ubicunque</span> <span class='ocrx_word' id='word_1_99' title='bbox 1187 1586 1265 1644; x_wconf 91' lang='lat' dir='ltr'>enim</span> 
     </span>
     <span class='ocr_line' id='line_1_13' title="bbox 102 1687 1266 1765; baseline 0 -19"><span class='ocrx_word' id='word_1_100' title='bbox 102 1688 359 1748; x_wconf 75' lang='lat' dir='ltr'>Aristotelicorum</span> <span class='ocrx_word' id='word_1_101' title='bbox 383 1689 523 1748; x_wconf 90' lang='lat' dir='ltr'>librorum</span> <span class='ocrx_word' id='word_1_102' title='bbox 547 1698 645 1750; x_wconf 81' lang='lat' dir='ltr'>textus</span> <span class='ocrx_word' id='word_1_103' title='bbox 667 1689 766 1748; x_wconf 91' lang='lat' dir='ltr'>verbis</span> <span class='ocrx_word' id='word_1_104' title='bbox 781 1687 959 1762; x_wconf 91' lang='lat' dir='ltr'>quibusdam</span> <span class='ocrx_word' id='word_1_105' title='bbox 975 1689 1079 1748; x_wconf 88' lang='lat' dir='ltr'>alienis</span> <span class='ocrx_word' id='word_1_106' title='bbox 1096 1688 1266 1765; x_wconf 87' lang='lat' dir='ltr'>glossisqne</span> 
     </span>
     <span class='ocr_line' id='line_1_14' title="bbox 105 1790 1266 1866; baseline -0.002 -16"><span class='ocrx_word' id='word_1_107' title='bbox 105 1793 299 1866; x_wconf 89' lang='lat' dir='ltr'>interpolatus</span> <span class='ocrx_word' id='word_1_108' title='bbox 330 1799 389 1864; x_wconf 91' lang='lat' dir='ltr'>est,</span> <span class='ocrx_word' id='word_1_109' title='bbox 422 1792 462 1851; x_wconf 90' lang='lat' dir='ltr'>ibi</span> <span class='ocrx_word' id='word_1_110' title='bbox 490 1807 526 1852; x_wconf 86' lang='lat' dir='ltr'>ex</span> <span class='ocrx_word' id='word_1_111' title='bbox 553 1792 617 1866; x_wconf 90' lang='lat' dir='ltr'>ipsa</span> <span class='ocrx_word' id='word_1_112' title='bbox 644 1791 779 1851; x_wconf 91' lang='lat' dir='ltr'>codicum</span> <span class='ocrx_word' id='word_1_113' title='bbox 807 1791 970 1850; x_wconf 85' lang='lat' dir='ltr'>differentia</span> <span class='ocrx_word' id='word_1_114' title='bbox 996 1798 1025 1849; x_wconf 90' lang='lat' dir='ltr'>et</span> <span class='ocrx_word' id='word_1_115' title='bbox 1051 1791 1180 1865; x_wconf 84' lang='lat' dir='ltr'>antiquis</span> <span class='ocrx_word' id='word_1_116' title='bbox 1208 1790 1266 1848; x_wconf 89' lang='lat' dir='ltr'>iam</span> 
     </span>
     <span class='ocr_line' id='line_1_15' title="bbox 106 1892 1266 1969; baseline -0.001 -16"><span class='ocrx_word' id='word_1_117' title='bbox 106 1895 266 1954; x_wconf 88' lang='lat' dir='ltr'>lectoribus</span> <span class='ocrx_word' id='word_1_118' title='bbox 298 1894 436 1953; x_wconf 90' lang='lat' dir='ltr'>omnibus</span> <span class='ocrx_word' id='word_1_119' title='bbox 465 1894 733 1969; x_wconf 88' lang='lat' dir='ltr'>interpretibusque</span> <span class='ocrx_word' id='word_1_120' title='bbox 760 1893 855 1953; x_wconf 78' lang='lat' dir='ltr'>varim</span> <span class='ocrx_word' id='word_1_121' title='bbox 878 1894 1020 1953; x_wconf 86' lang='lat' dir='ltr'>lectiones</span> <span class='ocrx_word' id='word_1_122' title='bbox 1043 1892 1213 1952; x_wconf 86' lang='lat' dir='ltr'>notantibus</span> <span class='ocrx_word' id='word_1_123' title='bbox 1235 1893 1266 1952; x_wconf 91' lang='lat' dir='ltr'>id</span> 
     </span>
     <span class='ocr_line' id='line_1_16' title="bbox 108 1995 1265 2082; baseline -0.001 -28"><span class='ocrx_word' id='word_1_124' title='bbox 108 1996 295 2082; x_wconf 80' lang='lat' dir='ltr'>manifestum</span> <span class='ocrx_word' id='word_1_125' title='bbox 319 1997 373 2056; x_wconf 88' lang='lat' dir='ltr'>luit</span> <span class='ocrx_word' id='word_1_126' title='bbox 394 2002 424 2055; x_wconf 90' lang='lat' dir='ltr'>et</span> <span class='ocrx_word' id='word_1_127' title='bbox 445 2012 525 2055; x_wconf 92' lang='lat' dir='ltr'>nunc</span> <span class='ocrx_word' id='word_1_128' title='bbox 547 2011 666 2071; x_wconf 90' lang='lat' dir='ltr'>quoque</span> <span class='ocrx_word' id='word_1_129' title='bbox 694 1997 748 2054; x_wconf 90' lang='lat' dir='ltr'>hac</span> <span class='ocrx_word' id='word_1_130' title='bbox 770 2011 829 2054; x_wconf 90' lang='lat' dir='ltr'>una</span> <span class='ocrx_word' id='word_1_131' title='bbox 852 2003 929 2054; x_wconf 88' lang='lat' dir='ltr'>certa</span> <span class='ocrx_word' id='word_1_132' title='bbox 952 1996 999 2055; x_wconf 88' lang='lat' dir='ltr'>via</span> <span class='ocrx_word' id='word_1_133' title='bbox 1020 1995 1157 2070; x_wconf 87' lang='lat' dir='ltr'>iustaque</span> <span class='ocrx_word' id='word_1_134' title='bbox 1179 1995 1265 2055; x_wconf 91' lang='lat' dir='ltr'>intel·</span> 
     </span>
     <span class='ocr_line' id='line_1_17' title="bbox 105 2097 1266 2178; baseline 0.002 -21"><span class='ocrx_word' id='word_1_135' title='bbox 105 2099 216 2172; x_wconf 87' lang='lat' dir='ltr'>ligitur.</span> <span class='ocrx_word' id='word_1_136' title='bbox 264 2098 355 2158; x_wconf 89' lang='lat' dir='ltr'>Cuius</span> <span class='ocrx_word' id='word_1_137' title='bbox 389 2099 431 2158; x_wconf 92' lang='lat' dir='ltr'>rei</span> <span class='ocrx_word' id='word_1_138' title='bbox 464 2098 599 2172; x_wconf 88' lang='lat' dir='ltr'>exemplo</span> <span class='ocrx_word' id='word_1_139' title='bbox 632 2097 691 2157; x_wconf 89' lang='lat' dir='ltr'>sint</span> <span class='ocrx_word' id='word_1_140' title='bbox 719 2099 911 2173; x_wconf 75' lang='lat' dir='ltr'>physicorum</span> <span class='ocrx_word' id='word_1_141' title='bbox 938 2099 1055 2173; x_wconf 85' lang='lat' dir='ltr'>glossae</span> <span class='ocrx_word' id='word_1_142' title='bbox 1088 2098 1137 2178; x_wconf 85' lang='lat' dir='ltr'>(ci.</span> <span class='ocrx_word' id='word_1_143' title='bbox 1167 2099 1266 2159; x_wconf 80' lang='lat' dir='ltr'>Prantl</span> 
     </span>
     <span class='ocr_line' id='line_1_18' title="bbox 105 2199 1266 2280; baseline 0.001 -20"><span class='ocrx_word' id='word_1_144' title='bbox 105 2201 264 2276; x_wconf 77' lang='lat' dir='ltr'>symbolae</span> <span class='ocrx_word' id='word_1_145' title='bbox 287 2201 403 2261; x_wconf 81' lang='lat' dir='ltr'>erit-in</span> <span class='ocrx_word' id='word_1_146' title='bbox 424 2201 473 2259; x_wconf 78' lang='lat' dir='ltr'>Ar.</span> <span class='ocrx_word' id='word_1_147' title='bbox 497 2200 584 2275; x_wconf 80' lang='lat' dir='ltr'>Phys.</span> <span class='ocrx_word' id='word_1_148' title='bbox 608 2200 704 2260; x_wconf 88' lang='lat' dir='ltr'>Berol.</span> <span class='ocrx_word' id='word_1_149' title='bbox 729 2199 813 2262; x_wconf 82' lang='grc'>1813</span> <span class='ocrx_word' id='word_1_150' title='bbox 835 2219 864 2276; x_wconf 92' lang='lat' dir='ltr'>p.</span> <span class='ocrx_word' id='word_1_151' title='bbox 881 2199 1036 2280; x_wconf 77' lang='grc'>58-64),</span> <span class='ocrx_word' id='word_1_152' title='bbox 1072 2203 1151 2262; x_wconf 85' lang='lat' dir='ltr'>velut</span> <span class='ocrx_word' id='word_1_153' title='bbox 1177 2203 1266 2262; x_wconf 84' lang='lat' dir='ltr'>verba</span> 
     </span>
     <span class='ocr_line' id='line_1_19' title="bbox 104 2301 1266 2379; baseline 0.003 -17"><span class='ocrx_word' id='word_1_154' title='bbox 104 2301 179 2375; x_wconf 87' lang='grc'>231,</span> <span class='ocrx_word' id='word_1_155' title='bbox 196 2301 301 2364; x_wconf 80' lang='lat'>5-17</span> <span class='ocrx_word' id='word_1_156' title='bbox 328 2311 397 2378; x_wconf 89' lang='lat' dir='ltr'>post</span> <span class='ocrx_word' id='word_1_157' title='bbox 417 2304 513 2378; x_wconf 86' lang='lat' dir='ltr'>ipsam</span> <span class='ocrx_word' id='word_1_158' title='bbox 536 2303 697 2364; x_wconf 87' lang='lat' dir='ltr'>clausulam</span> <span class='ocrx_word' id='word_1_159' title='bbox 720 2305 832 2364; x_wconf 88' lang='lat' dir='ltr'>adiecta</span> <span class='ocrx_word' id='word_1_160' title='bbox 855 2312 884 2365; x_wconf 91' lang='lat' dir='ltr'>ct</span> <span class='ocrx_word' id='word_1_161' title='bbox 906 2319 981 2379; x_wconf 89' lang='lat' dir='ltr'>quae</span> <span class='ocrx_word' id='word_1_162' title='bbox 1003 2304 1087 2379; x_wconf 93' lang='lat' dir='ltr'>prius</span> <span class='ocrx_word' id='word_1_163' title='bbox 1109 2306 1167 2364; x_wconf 87' lang='lat' dir='ltr'>iarn</span> <span class='ocrx_word' id='word_1_164' title='bbox 1190 2305 1266 2365; x_wconf 84' lang='lat' dir='ltr'>dicta</span> 
     </span>
     <span class='ocr_line' id='line_1_20' title="bbox 100 2403 1264 2484; baseline 0.002 -18"><span class='ocrx_word' id='word_1_165' title='bbox 100 2409 177 2466; x_wconf 85' lang='lat' dir='ltr'>&#39;sunt</span> <span class='ocrx_word' id='word_1_166' title='bbox 200 2405 248 2484; x_wconf 87' lang='lat' dir='ltr'>(ci.</span> <span class='ocrx_word' id='word_1_167' title='bbox 265 2403 352 2468; x_wconf 76' lang='lat'>23011</span> <span class='ocrx_word' id='word_1_168' title='bbox 370 2405 410 2466; x_wconf 84' lang='grc'>14</span> <span class='ocrx_word' id='word_1_169' title='bbox 423 2403 502 2482; x_wconf 88' lang='lat' dir='ltr'>sqq.)</span> <span class='ocrx_word' id='word_1_170' title='bbox 525 2407 688 2480; x_wconf 84' lang='lat' dir='ltr'>repetentia</span> <span class='ocrx_word' id='word_1_171' title='bbox 710 2408 873 2466; x_wconf 83' lang='lat' dir='ltr'>aBelrlrero</span> <span class='ocrx_word' id='word_1_172' title='bbox 895 2414 1003 2479; x_wconf 89' lang='lat' dir='ltr'>tamen,</span> <span class='ocrx_word' id='word_1_173' title='bbox 1027 2423 1264 2482; x_wconf 85' lang='lat' dir='ltr'>quamquamrcs</span> 
     </span>
     <span class='ocr_line' id='line_1_21' title="bbox 104 2505 1265 2586; baseline 0.002 -19"><span class='ocrx_word' id='word_1_174' title='bbox 104 2510 145 2568; x_wconf 88' lang='lat' dir='ltr'>sit</span> <span class='ocrx_word' id='word_1_175' title='bbox 167 2509 322 2568; x_wconf 80' lang='lat' dir='ltr'>manifesta</span> <span class='ocrx_word' id='word_1_176' title='bbox 350 2505 398 2586; x_wconf 80' lang='lat' dir='ltr'>(cl.</span> <span class='ocrx_word' id='word_1_177' title='bbox 422 2509 503 2568; x_wconf 75' lang='lat' dir='ltr'>Alex.</span> <span class='ocrx_word' id='word_1_178' title='bbox 528 2516 557 2568; x_wconf 88' lang='lat' dir='ltr'>et</span> <span class='ocrx_word' id='word_1_179' title='bbox 579 2509 680 2582; x_wconf 88' lang='lat' dir='ltr'>Simpl.</span> <span class='ocrx_word' id='word_1_180' title='bbox 705 2510 772 2569; x_wconf 89' lang='lat' dir='ltr'>Sclr.</span> <span class='ocrx_word' id='word_1_181' title='bbox 796 2511 833 2568; x_wconf 83' lang='lat' dir='ltr'>ad</span> <span class='ocrx_word' id='word_1_182' title='bbox 856 2511 884 2568; x_wconf 87' lang='lat' dir='ltr'>lr.</span> <span class='ocrx_word' id='word_1_183' title='bbox 909 2509 927 2566; x_wconf 94' lang='lat' dir='ltr'>l.</span> <span class='ocrx_word' id='word_1_184' title='bbox 943 2508 1017 2581; x_wconf 77' lang='lat'>404,</span> <span class='ocrx_word' id='word_1_185' title='bbox 1033 2509 1084 2570; x_wconf 88' lang='grc'>20.</span> <span class='ocrx_word' id='word_1_186' title='bbox 1109 2509 1210 2584; x_wconf 90' lang='lat' dir='ltr'>Simpl.</span> <span class='ocrx_word' id='word_1_187' title='bbox 1234 2510 1265 2569; x_wconf 92' lang='lat' dir='ltr'>in</span> 
     </span>
     <span class='ocr_line' id='line_1_22' title="bbox 103 2609 1264 2690; baseline 0.002 -21"><span class='ocrx_word' id='word_1_188' title='bbox 103 2612 193 2686; x_wconf 77' lang='lat' dir='ltr'>Phys.</span> <span class='ocrx_word' id='word_1_189' title='bbox 218 2612 236 2671; x_wconf 85' lang='lat' dir='ltr'>i.</span> <span class='ocrx_word' id='word_1_190' title='bbox 257 2611 355 2672; x_wconf 70' lang='grc'>2141).</span> <span class='ocrx_word' id='word_1_191' title='bbox 380 2612 415 2670; x_wconf 88' lang='lat' dir='ltr'>cl.</span> <span class='ocrx_word' id='word_1_192' title='bbox 439 2611 520 2670; x_wconf 83' lang='lat' dir='ltr'>Alex.</span> <span class='ocrx_word' id='word_1_193' title='bbox 544 2627 590 2685; x_wconf 91' lang='lat' dir='ltr'>ap.</span> <span class='ocrx_word' id='word_1_194' title='bbox 607 2610 707 2670; x_wconf 76' lang='lat' dir='ltr'>brem.</span> <span class='ocrx_word' id='word_1_195' title='bbox 731 2613 760 2671; x_wconf 92' lang='lat' dir='ltr'>in</span> <span class='ocrx_word' id='word_1_196' title='bbox 777 2613 864 2687; x_wconf 81' lang='lat' dir='ltr'>Phys.</span> <span class='ocrx_word' id='word_1_197' title='bbox 880 2609 991 2690; x_wconf 74' lang='lat' dir='ltr'>arog),</span> <span class='ocrx_word' id='word_1_198' title='bbox 1014 2627 1074 2670; x_wconf 91' lang='lat' dir='ltr'>uon</span> <span class='ocrx_word' id='word_1_199' title='bbox 1097 2610 1264 2686; x_wconf 64' lang='lat' dir='ltr'>nepetae</span> 
     </span>
     <span class='ocr_line' id='line_1_23' title="bbox 103 2712 1266 2792; baseline -0.002 -18"><span class='ocrx_word' id='word_1_200' title='bbox 103 2712 234 2776; x_wconf 83' lang='grc'>17-20</span> <span class='ocrx_word' id='word_1_201' title='bbox 256 2713 320 2792; x_wconf 87' lang='lat' dir='ltr'>(nbi</span> <span class='ocrx_word' id='word_1_202' title='bbox 344 2713 513 2790; x_wconf 90' lang='lat' dir='ltr'>Simplicius</span> <span class='ocrx_word' id='word_1_203' title='bbox 535 2713 600 2788; x_wconf 91' lang='lat' dir='ltr'>ipse</span> <span class='ocrx_word' id='word_1_204' title='bbox 622 2716 752 2788; x_wconf 89' lang='lat' dir='ltr'>glossam</span> <span class='ocrx_word' id='word_1_205' title='bbox 767 2712 1177 2788; x_wconf 86' lang='lat' dir='ltr'>indicatl.160butrumquc</span> <span class='ocrx_word' id='word_1_206' title='bbox 1192 2713 1266 2773; x_wconf 91' lang='lat' dir='ltr'>illud</span> 
     </span>
     <span class='ocr_line' id='line_1_24' title="bbox 102 2816 1264 2893; baseline 0 -17"><span class='ocrx_word' id='word_1_207' title='bbox 102 2817 288 2878; x_wconf 87' lang='lat' dir='ltr'>enuntiatum</span> <span class='ocrx_word' id='word_1_208' title='bbox 312 2818 358 2877; x_wconf 91' lang='lat' dir='ltr'>cui</span> <span class='ocrx_word' id='word_1_209' title='bbox 382 2833 473 2892; x_wconf 91' lang='lat' dir='ltr'>quum</span> <span class='ocrx_word' id='word_1_210' title='bbox 495 2824 593 2875; x_wconf 85' lang='lat' dir='ltr'>tamen</span> <span class='ocrx_word' id='word_1_211' title='bbox 616 2817 744 2893; x_wconf 90' lang='lat' dir='ltr'>primum</span> <span class='ocrx_word' id='word_1_212' title='bbox 773 2819 868 2876; x_wconf 89' lang='lat' dir='ltr'>solum</span> <span class='ocrx_word' id='word_1_213' title='bbox 897 2817 1022 2891; x_wconf 81' lang='lat' dir='ltr'>explicet</span> <span class='ocrx_word' id='word_1_214' title='bbox 1049 2817 1153 2875; x_wconf 90' lang='lat' dir='ltr'>eodem</span> <span class='ocrx_word' id='word_1_215' title='bbox 1174 2816 1264 2876; x_wconf 89' lang='lat' dir='ltr'>verbo</span> 
     </span>
     <span class='ocr_line' id='line_1_25' title="bbox 103 2907 1263 2996; baseline -0.004 -15"><span class='ocrx_word' id='word_1_216' title='bbox 103 2910 157 2981; x_wconf 69' lang='grc' dir='ltr'>ἔτι</span> <span class='ocrx_word' id='word_1_217' title='bbox 178 2919 323 2994; x_wconf 88' lang='lat' dir='ltr'>incipiens</span> <span class='ocrx_word' id='word_1_218' title='bbox 346 2918 520 2994; x_wconf 87' lang='lat' dir='ltr'>interposita</span> <span class='ocrx_word' id='word_1_219' title='bbox 541 2935 614 2979; x_wconf 89' lang='lat' dir='ltr'>voce</span> <span class='ocrx_word' id='word_1_220' title='bbox 636 2907 748 2995; x_wconf 67' lang='grc' dir='ltr'><em>ἄλλως</em></span> <span class='ocrx_word' id='word_1_221' title='bbox 768 2937 822 2996; x_wconf 92' lang='lat' dir='ltr'>pro</span> <span class='ocrx_word' id='word_1_222' title='bbox 845 2927 927 2980; x_wconf 83' lang='lat' dir='ltr'>textu</span> <span class='ocrx_word' id='word_1_223' title='bbox 949 2934 1102 2994; x_wconf 90' lang='lat' dir='ltr'>apponens</span> <span class='ocrx_word' id='word_1_224' title='bbox 1125 2917 1160 2976; x_wconf 90' lang='lat' dir='ltr'>ci.</span> <span class='ocrx_word' id='word_1_225' title='bbox 1178 2918 1263 2977; x_wconf 91' lang='lat' dir='ltr'>codd.</span> 
     </span>
     <span class='ocr_line' id='line_1_26' title="bbox 105 3010 1265 3101; baseline 0 -19"><span class='ocrx_word' id='word_1_226' title='bbox 105 3024 139 3082; x_wconf 76' lang='lat' dir='ltr'>G,</span> <span class='ocrx_word' id='word_1_227' title='bbox 164 3020 212 3101; x_wconf 84' lang='lat' dir='ltr'>ll.)</span> <span class='ocrx_word' id='word_1_228' title='bbox 246 3030 276 3082; x_wconf 88' lang='lat' dir='ltr'>et</span> <span class='ocrx_word' id='word_1_229' title='bbox 298 3018 385 3082; x_wconf 78' lang='grc'>2171)</span> <span class='ocrx_word' id='word_1_230' title='bbox 401 3018 527 3081; x_wconf 82' lang='grc'>12-16</span> <span class='ocrx_word' id='word_1_231' title='bbox 563 3018 625 3100; x_wconf 84' lang='lat' dir='ltr'>(ubi</span> <span class='ocrx_word' id='word_1_232' title='bbox 651 3024 682 3084; x_wconf 91' lang='lat' dir='ltr'>in</span> <span class='ocrx_word' id='word_1_233' title='bbox 705 3024 838 3098; x_wconf 89' lang='lat' dir='ltr'>margine</span> <span class='ocrx_word' id='word_1_234' title='bbox 860 3023 925 3082; x_wconf 91' lang='lat' dir='ltr'>cod.</span> <span class='ocrx_word' id='word_1_235' title='bbox 950 3022 983 3082; x_wconf 86' lang='lat' dir='ltr'>G.</span> <span class='ocrx_word' id='word_1_236' title='bbox 1008 3021 1125 3081; x_wconf 90' lang='lat' dir='ltr'>additur</span> <span class='ocrx_word' id='word_1_237' title='bbox 1155 3010 1265 3096; x_wconf 58' lang='grc' dir='ltr'><em>»ἀθε-</em></span> 
     </span>
     <span class='ocr_line' id='line_1_27' title="bbox 102 3113 1267 3209; baseline 0 -23"><span class='ocrx_word' id='word_1_238' title='bbox 102 3113 266 3186; x_wconf 73' lang='grc' dir='ltr'><strong><em>αοῦπαι”</em></strong></span> <span class='ocrx_word' id='word_1_239' title='bbox 301 3123 860 3203; x_wconf 78' lang='lat' dir='ltr'>caeam.nct.etstmpt.f.163a</span> <span class='ocrx_word' id='word_1_240' title='bbox 894 3115 975 3208; x_wconf 76' lang='grc' dir='ltr'>αὕτη</span> <span class='ocrx_word' id='word_1_241' title='bbox 1003 3113 1022 3208; x_wconf 82' lang='lat' dir='ltr'>q‘</span> <span class='ocrx_word' id='word_1_242' title='bbox 1053 3121 1148 3209; x_wconf 77' lang='grc' dir='ltr'><strong><em>ῥῆσις</em></strong></span> <span class='ocrx_word' id='word_1_243' title='bbox 1175 3120 1267 3186; x_wconf 80' lang='grc' dir='ltr'><strong><em>δοκεῖ</em></strong></span> 
     </span>
     <span class='ocr_line' id='line_1_28' title="bbox 103 3216 1266 3312; baseline 0.001 -24"><span class='ocrx_word' id='word_1_244' title='bbox 103 3220 147 3288; x_wconf 78' lang='grc' dir='ltr'>τὰ</span> <span class='ocrx_word' id='word_1_245' title='bbox 169 3218 335 3311; x_wconf 74' lang='grc' dir='ltr'><strong><em>πρότερον</em></strong></span> <span class='ocrx_word' id='word_1_246' title='bbox 356 3217 511 3312; x_wconf 75' lang='grc' dir='ltr'>εἰρημένα</span> <span class='ocrx_word' id='word_1_247' title='bbox 537 3217 642 3292; x_wconf 77' lang='grc' dir='ltr'><em>πάλιν</em></span> <span class='ocrx_word' id='word_1_248' title='bbox 664 3223 772 3312; x_wconf 78' lang='grc' dir='ltr'><strong><em>λέγειν</em></strong></span> <span class='ocrx_word' id='word_1_249' title='bbox 787 3261 830 3274; x_wconf 79' lang='lat'><strong><em>-</em></strong></span> <span class='ocrx_word' id='word_1_250' title='bbox 852 3223 909 3291; x_wconf 79' lang='grc' dir='ltr'>διὸ</span> <span class='ocrx_word' id='word_1_251' title='bbox 931 3222 989 3290; x_wconf 83' lang='grc' dir='ltr'>καὶ</span> <span class='ocrx_word' id='word_1_252' title='bbox 1010 3219 1045 3291; x_wconf 79' lang='grc' dir='ltr'>ἕν</span> <span class='ocrx_word' id='word_1_253' title='bbox 1065 3243 1154 3290; x_wconf 76' lang='grc' dir='ltr'><strong><em>τισιν</em></strong></span> <span class='ocrx_word' id='word_1_254' title='bbox 1176 3216 1266 3289; x_wconf 76' lang='grc' dir='ltr'><strong><em>ἀντι-</em></strong></span> 
     </span>
     <span class='ocr_line' id='line_1_29' title="bbox 103 3319 1265 3414; baseline 0 -23"><span class='ocrx_word' id='word_1_255' title='bbox 103 3320 249 3414; x_wconf 72' lang='grc' dir='ltr'><strong><em>γράφοις</em></strong></span> <span class='ocrx_word' id='word_1_256' title='bbox 271 3319 311 3392; x_wconf 81' lang='grc' dir='ltr'>οὐ</span> <span class='ocrx_word' id='word_1_257' title='bbox 334 3323 473 3414; x_wconf 78' lang='grc' dir='ltr'><strong><em>φέρεται</em></strong></span> <span class='ocrx_word' id='word_1_258' title='bbox 488 3339 543 3391; x_wconf 91' lang='lat' dir='ltr'>etc.</span> <span class='ocrx_word' id='word_1_259' title='bbox 567 3341 725 3408; x_wconf 88' lang='lat' dir='ltr'>utmmque</span> <span class='ocrx_word' id='word_1_260' title='bbox 747 3342 846 3392; x_wconf 90' lang='lat' dir='ltr'>tamen</span> <span class='ocrx_word' id='word_1_261' title='bbox 867 3334 967 3392; x_wconf 91' lang='lat' dir='ltr'>locum</span> <span class='ocrx_word' id='word_1_262' title='bbox 990 3334 1080 3392; x_wconf 89' lang='lat' dir='ltr'>relert</span> <span class='ocrx_word' id='word_1_263' title='bbox 1101 3347 1177 3390; x_wconf 91' lang='lat' dir='ltr'>vers.</span> <span class='ocrx_word' id='word_1_264' title='bbox 1194 3331 1265 3392; x_wconf 78' lang='lat' dir='ltr'>bra-</span> 
     </span>
     <span class='ocr_line' id='line_1_30' title="bbox 102 3432 1265 3512; baseline -0.001 -18"><span class='ocrx_word' id='word_1_265' title='bbox 102 3437 170 3494; x_wconf 88' lang='lat' dir='ltr'>biea</span> <span class='ocrx_word' id='word_1_266' title='bbox 192 3436 227 3493; x_wconf 87' lang='lat' dir='ltr'>ci.</span> <span class='ocrx_word' id='word_1_267' title='bbox 251 3434 350 3492; x_wconf 82' lang='lat' dir='ltr'>Arerr.</span> <span class='ocrx_word' id='word_1_268' title='bbox 366 3434 453 3508; x_wconf 81' lang='lat' dir='ltr'>Phys.</span> <span class='ocrx_word' id='word_1_269' title='bbox 471 3432 567 3494; x_wconf 76' lang='grc'>1671).</span> <span class='ocrx_word' id='word_1_270' title='bbox 583 3433 687 3512; x_wconf 73' lang='grc'>1721)</span> <span class='ocrx_word' id='word_1_271' title='bbox 710 3436 796 3494; x_wconf 89' lang='lat' dir='ltr'>uncis</span> <span class='ocrx_word' id='word_1_272' title='bbox 818 3435 941 3494; x_wconf 88' lang='lat' dir='ltr'>inclusa.</span> <span class='ocrx_word' id='word_1_273' title='bbox 972 3433 1265 3494; x_wconf 83' lang='lat' dir='ltr'>Rarissimaetamcn</span> 
     </span>
     <span class='ocr_line' id='line_1_31' title="bbox 103 3535 1264 3612; baseline -0.002 -16"><span class='ocrx_word' id='word_1_274' title='bbox 103 3544 176 3596; x_wconf 91' lang='lat' dir='ltr'>snut</span> <span class='ocrx_word' id='word_1_275' title='bbox 208 3537 448 3612; x_wconf 86' lang='lat' dir='ltr'>interpolationes</span> <span class='ocrx_word' id='word_1_276' title='bbox 483 3537 640 3596; x_wconf 90' lang='lat' dir='ltr'>verborum</span> <span class='ocrx_word' id='word_1_277' title='bbox 673 3537 883 3610; x_wconf 88' lang='lat' dir='ltr'>interpretibus</span> <span class='ocrx_word' id='word_1_278' title='bbox 912 3535 1030 3594; x_wconf 86' lang='lat' dir='ltr'>Graecis</span> <span class='ocrx_word' id='word_1_279' title='bbox 1058 3535 1264 3609; x_wconf 89' lang='lat' dir='ltr'>recentiorum,</span> 
     </span>
     <span class='ocr_line' id='line_1_32' title="bbox 104 3631 1265 3725; baseline 0.002 -27"><span class='ocrx_word' id='word_1_280' title='bbox 104 3639 202 3714; x_wconf 86' lang='lat' dir='ltr'>qualis</span> <span class='ocrx_word' id='word_1_281' title='bbox 225 3646 271 3698; x_wconf 89' lang='lat' dir='ltr'>est</span> <span class='ocrx_word' id='word_1_282' title='bbox 293 3640 417 3714; x_wconf 87' lang='lat' dir='ltr'>Mataplr.</span> <span class='ocrx_word' id='word_1_283' title='bbox 435 3638 464 3712; x_wconf 88' lang='lat'>1,</span> <span class='ocrx_word' id='word_1_284' title='bbox 481 3635 510 3699; x_wconf 89' lang='lat'>5.</span> <span class='ocrx_word' id='word_1_285' title='bbox 527 3636 601 3714; x_wconf 78' lang='lat'>986,</span> <span class='ocrx_word' id='word_1_286' title='bbox 617 3637 658 3700; x_wconf 84' lang='grc'>29</span> <span class='ocrx_word' id='word_1_287' title='bbox 686 3638 738 3697; x_wconf 89' lang='lat' dir='ltr'>ubi</span> <span class='ocrx_word' id='word_1_288' title='bbox 760 3639 955 3697; x_wconf 85' lang='lat' dir='ltr'>intertextus</span> <span class='ocrx_word' id='word_1_289' title='bbox 979 3638 1080 3696; x_wconf 87' lang='lat' dir='ltr'>verba:</span> <span class='ocrx_word' id='word_1_290' title='bbox 1118 3631 1175 3699; x_wconf 82' lang='grc' dir='ltr'>καὶ</span> <span class='ocrx_word' id='word_1_291' title='bbox 1202 3631 1265 3725; x_wconf 75' lang='grc' dir='ltr'>γὰρ</span> 
     </span>
     <span class='ocr_line' id='line_1_33' title="bbox 97 3724 1266 3825; baseline -0.002 -21"><span class='ocrx_word' id='word_1_292' title='bbox 97 3731 290 3819; x_wconf 72' lang='grc' dir='ltr'><strong><em>Ἀλκμαίων</em></strong></span> <span class='ocrx_word' id='word_1_293' title='bbox 325 3729 524 3824; x_wconf 71' lang='grc' dir='ltr'><strong><em>ἀπεφήνατο</em></strong></span> <span class='ocrx_word' id='word_1_294' title='bbox 561 3724 808 3825; x_wconf 60' lang='grc' dir='ltr'><strong><em>παραπῖησίως</em></strong></span> <span class='ocrx_word' id='word_1_295' title='bbox 843 3730 977 3814; x_wconf 80' lang='grc' dir='ltr'><strong><em>τούτοις</em></strong></span> <span class='ocrx_word' id='word_1_296' title='bbox 1012 3741 1130 3815; x_wconf 90' lang='lat' dir='ltr'>irrepsit</span> <span class='ocrx_word' id='word_1_297' title='bbox 1166 3743 1266 3817; x_wconf 90' lang='lat' dir='ltr'>glossa</span> 
     </span>
     <span class='ocr_line' id='line_1_34' title="bbox 103 3833 1266 3928; baseline 0.001 -24"><span class='ocrx_word' id='word_1_298' title='bbox 103 3844 276 3920; x_wconf 85' lang='lat' dir='ltr'>marginalis</span> <span class='ocrx_word' id='word_1_299' title='bbox 303 3833 432 3925; x_wconf 72' lang='grc' dir='ltr'><strong><em>ἐγένετο</em></strong></span> <span class='ocrx_word' id='word_1_300' title='bbox 456 3838 495 3907; x_wconf 77' lang='lat' dir='ltr'>dd</span> <span class='ocrx_word' id='word_1_301' title='bbox 514 3839 575 3926; x_wconf 77' lang='grc' dir='ltr'>τὴν</span> <span class='ocrx_word' id='word_1_302' title='bbox 596 3833 729 3928; x_wconf 79' lang='grc' dir='ltr'><strong><em>ἡλικίαν</em></strong></span> <span class='ocrx_word' id='word_1_303' title='bbox 751 3835 809 3906; x_wconf 74' lang='grc' dir='ltr'>ἐπὶ</span> <span class='ocrx_word' id='word_1_304' title='bbox 831 3835 961 3926; x_wconf 77' lang='grc' dir='ltr'><em>γέροντι</em></span> <span class='ocrx_word' id='word_1_305' title='bbox 982 3835 1176 3928; x_wconf 70' lang='grc' dir='ltr'><strong><em>Πυθαγόρᾳ</em></strong></span> <span class='ocrx_word' id='word_1_306' title='bbox 1198 3843 1266 3924; x_wconf 87' lang='lat' dir='ltr'>(nec</span> 
     </span>
     <span class='ocr_line' id='line_1_35' title="bbox 102 3947 1266 4024; baseline -0.003 -16"><span class='ocrx_word' id='word_1_307' title='bbox 102 3957 203 4008; x_wconf 85' lang='lat' dir='ltr'>tamen</span> <span class='ocrx_word' id='word_1_308' title='bbox 230 3947 316 4021; x_wconf 86' lang='lat' dir='ltr'>plura</span> <span class='ocrx_word' id='word_1_309' title='bbox 342 3948 419 4007; x_wconf 91' lang='lat' dir='ltr'>sicut</span> <span class='ocrx_word' id='word_1_310' title='bbox 445 3947 539 4007; x_wconf 81' lang='lat' dir='ltr'>voluit</span> <span class='ocrx_word' id='word_1_311' title='bbox 561 3949 695 4023; x_wconf 90' lang='lat' dir='ltr'>Gruppc,</span> <span class='ocrx_word' id='word_1_312' title='bbox 728 3955 841 4006; x_wconf 86' lang='lat' dir='ltr'>temere</span> <span class='ocrx_word' id='word_1_313' title='bbox 867 3948 987 4021; x_wconf 89' lang='lat' dir='ltr'>quidem</span> <span class='ocrx_word' id='word_1_314' title='bbox 1009 3949 1057 4007; x_wconf 89' lang='lat' dir='ltr'>bic</span> <span class='ocrx_word' id='word_1_315' title='bbox 1078 3953 1111 4006; x_wconf 90' lang='lat' dir='ltr'>ut</span> <span class='ocrx_word' id='word_1_316' title='bbox 1134 3947 1221 4024; x_wconf 86' lang='lat' dir='ltr'>solet)</span> <span class='ocrx_word' id='word_1_317' title='bbox 1248 3963 1266 4005; x_wconf 92' lang='lat' dir='ltr'>a</span> 
     </span>
     <span class='ocr_line' id='line_1_36' title="bbox 103 4048 1264 4129; baseline -0.004 -18"><span class='ocrx_word' id='word_1_318' title='bbox 103 4053 188 4112; x_wconf 92' lang='lat' dir='ltr'>nullo</span> <span class='ocrx_word' id='word_1_319' title='bbox 220 4066 360 4129; x_wconf 88' lang='lat' dir='ltr'>nmquam</span> <span class='ocrx_word' id='word_1_320' title='bbox 392 4051 552 4124; x_wconf 85' lang='lat' dir='ltr'>interprete</span> <span class='ocrx_word' id='word_1_321' title='bbox 583 4066 639 4110; x_wconf 91' lang='lat' dir='ltr'>nec</span> <span class='ocrx_word' id='word_1_322' title='bbox 671 4049 813 4124; x_wconf 84' lang='lat' dir='ltr'>explicata</span> <span class='ocrx_word' id='word_1_323' title='bbox 838 4065 894 4110; x_wconf 90' lang='lat' dir='ltr'>nee</span> <span class='ocrx_word' id='word_1_324' title='bbox 922 4051 947 4109; x_wconf 94' lang='lat' dir='ltr'>si</span> <span class='ocrx_word' id='word_1_325' title='bbox 975 4051 1075 4110; x_wconf 89' lang='lat' dir='ltr'>deerat</span> <span class='ocrx_word' id='word_1_326' title='bbox 1101 4048 1264 4122; x_wconf 88' lang='lat' dir='ltr'>explicandi</span> 
     </span>
     <span class='ocr_line' id='line_1_37' title="bbox 105 4152 1265 4228; baseline -0.004 -16"><span class='ocrx_word' id='word_1_327' title='bbox 105 4153 228 4214; x_wconf 87' lang='lat' dir='ltr'>materia</span> <span class='ocrx_word' id='word_1_328' title='bbox 249 4169 304 4226; x_wconf 91' lang='lat' dir='ltr'>pro</span> <span class='ocrx_word' id='word_1_329' title='bbox 327 4169 409 4212; x_wconf 92' lang='lat' dir='ltr'>more</span> <span class='ocrx_word' id='word_1_330' title='bbox 433 4155 520 4212; x_wconf 91' lang='lat' dir='ltr'>solito</span> <span class='ocrx_word' id='word_1_331' title='bbox 543 4153 680 4228; x_wconf 86' lang='lat' dir='ltr'>repetita:</span> <span class='ocrx_word' id='word_1_332' title='bbox 704 4167 780 4226; x_wconf 88' lang='lat' dir='ltr'>quae</span> <span class='ocrx_word' id='word_1_333' title='bbox 802 4154 891 4212; x_wconf 87' lang='lat' dir='ltr'>verba</span> <span class='ocrx_word' id='word_1_334' title='bbox 912 4152 943 4211; x_wconf 89' lang='lat' dir='ltr'>in</span> <span class='ocrx_word' id='word_1_335' title='bbox 966 4154 1030 4211; x_wconf 90' lang='lat' dir='ltr'>solo</span> <span class='ocrx_word' id='word_1_336' title='bbox 1053 4152 1118 4210; x_wconf 90' lang='lat' dir='ltr'>eod.</span> <span class='ocrx_word' id='word_1_337' title='bbox 1134 4152 1265 4208; x_wconf 84' lang='lat' dir='ltr'>Lauren-</span> 
     </span>
     <span class='ocr_line' id='line_1_38' title="bbox 106 4251 1264 4331; baseline -0.003 -16"><span class='ocrx_word' id='word_1_338' title='bbox 106 4257 186 4316; x_wconf 90' lang='lat' dir='ltr'>tiano</span> <span class='ocrx_word' id='word_1_339' title='bbox 209 4251 283 4331; x_wconf 81' lang='lat' dir='ltr'>(Ab)</span> <span class='ocrx_word' id='word_1_340' title='bbox 306 4271 365 4314; x_wconf 92' lang='lat' dir='ltr'>uon</span> <span class='ocrx_word' id='word_1_341' title='bbox 389 4257 534 4330; x_wconf 90' lang='lat' dir='ltr'>leguntur.</span> <span class='ocrx_word' id='word_1_342' title='bbox 579 4256 649 4314; x_wconf 86' lang='lat' dir='ltr'>ltern</span> <span class='ocrx_word' id='word_1_343' title='bbox 665 4255 790 4330; x_wconf 86' lang='lat' dir='ltr'>Mataplr.</span> <span class='ocrx_word' id='word_1_344' title='bbox 807 4251 837 4328; x_wconf 84' lang='lat'>3,</span> <span class='ocrx_word' id='word_1_345' title='bbox 853 4255 883 4313; x_wconf 92' lang='grc'>2.</span> <span class='ocrx_word' id='word_1_346' title='bbox 900 4253 993 4328; x_wconf 81' lang='grc'>1005,</span> <span class='ocrx_word' id='word_1_347' title='bbox 1011 4252 1028 4312; x_wconf 95' lang='grc'>1</span> <span class='ocrx_word' id='word_1_348' title='bbox 1052 4252 1118 4312; x_wconf 91' lang='lat' dir='ltr'>libri</span> <span class='ocrx_word' id='word_1_349' title='bbox 1134 4252 1170 4309; x_wconf 91' lang='lat' dir='ltr'>de</span> <span class='ocrx_word' id='word_1_350' title='bbox 1186 4252 1264 4311; x_wconf 92' lang='lat' dir='ltr'>bono</span> 
     </span>
     <span class='ocr_line' id='line_1_39' title="bbox 106 4353 1265 4436; baseline -0.005 -18"><span class='ocrx_word' id='word_1_351' title='bbox 106 4359 193 4418; x_wconf 88' lang='lat' dir='ltr'>unica</span> <span class='ocrx_word' id='word_1_352' title='bbox 228 4373 304 4432; x_wconf 88' lang='lat' dir='ltr'>quae</span> <span class='ocrx_word' id='word_1_353' title='bbox 338 4361 415 4434; x_wconf 89' lang='lat' dir='ltr'>apud</span> <span class='ocrx_word' id='word_1_354' title='bbox 438 4359 526 4419; x_wconf 82' lang='lat' dir='ltr'>Arist.</span> <span class='ocrx_word' id='word_1_355' title='bbox 556 4356 701 4434; x_wconf 88' lang='lat' dir='ltr'>reperitur</span> <span class='ocrx_word' id='word_1_356' title='bbox 726 4358 757 4417; x_wconf 93' lang='lat' dir='ltr'>in</span> <span class='ocrx_word' id='word_1_357' title='bbox 779 4359 844 4418; x_wconf 91' lang='lat' dir='ltr'>eod.</span> <span class='ocrx_word' id='word_1_358' title='bbox 868 4358 1006 4418; x_wconf 88' lang='lat' dir='ltr'>Vaticano</span> <span class='ocrx_word' id='word_1_359' title='bbox 1029 4355 1075 4436; x_wconf 82' lang='grc' dir='ltr'>(Τ)</span> <span class='ocrx_word' id='word_1_360' title='bbox 1104 4353 1201 4414; x_wconf 89' lang='lat' dir='ltr'>citatio</span> <span class='ocrx_word' id='word_1_361' title='bbox 1228 4370 1265 4413; x_wconf 88' lang='lat' dir='ltr'>ex</span> 
     </span>
     <span class='ocr_line' id='line_1_40' title="bbox 105 4457 1265 4542; baseline -0.003 -20"><span class='ocrx_word' id='word_1_362' title='bbox 105 4460 326 4522; x_wconf 87' lang='lat' dir='ltr'>commentariis</span> <span class='ocrx_word' id='word_1_363' title='bbox 349 4463 468 4523; x_wconf 88' lang='lat' dir='ltr'>demum</span> <span class='ocrx_word' id='word_1_364' title='bbox 492 4458 540 4542; x_wconf 85' lang='lat' dir='ltr'>(ci.</span> <span class='ocrx_word' id='word_1_365' title='bbox 564 4459 645 4521; x_wconf 80' lang='lat' dir='ltr'>Alex.</span> <span class='ocrx_word' id='word_1_366' title='bbox 669 4461 706 4521; x_wconf 89' lang='lat' dir='ltr'>ad</span> <span class='ocrx_word' id='word_1_367' title='bbox 722 4461 749 4520; x_wconf 90' lang='lat' dir='ltr'>b.</span> <span class='ocrx_word' id='word_1_368' title='bbox 767 4459 799 4542; x_wconf 87' lang='lat' dir='ltr'>l.)</span> <span class='ocrx_word' id='word_1_369' title='bbox 826 4467 957 4524; x_wconf 84' lang='lat' dir='ltr'>assumta</span> <span class='ocrx_word' id='word_1_370' title='bbox 985 4467 1032 4520; x_wconf 89' lang='lat' dir='ltr'>est</span> <span class='ocrx_word' id='word_1_371' title='bbox 1059 4466 1088 4520; x_wconf 92' lang='lat' dir='ltr'>et</span> <span class='ocrx_word' id='word_1_372' title='bbox 1114 4457 1265 4534; x_wconf 85' lang='lat' dir='ltr'>ignoratur</span> 
     </span>
    </p>
   </div>
   <div class='ocr_carea' id='block_1_5' title="bbox 0 0 1522 5164">
    <p class='ocr_par' dir='ltr' id='par_1_5' title="bbox 0 0 1522 5164">
     <span class='ocr_line' id='line_1_41' title="bbox 0 0 1522 5164; baseline 0 0"><span class='ocrx_word' id='word_1_373' title='bbox 0 0 1522 5164; x_wconf 95' lang='lat' dir='ltr'> </span> 
     </span>
    </p>
   </div>
  </div>
 </body>
</html>
