3036 5164
785 302 848 365 110

240 471 305 532 roni
339 470 368 529 in
397 486 455 544 qua
481 471 593 545 integra
626 470 674 530 illa
708 480 802 532 exstat
824 473 989 533 Aristotelis
1017 477 1123 536 citatio.
1168 478 1277 536 Eodem
1304 477 1412 534 modo

240 575 398 636 verisimile
422 581 467 633 est
489 589 513 630 c.
531 571 572 633 18
595 573 745 633 Posidonii
769 576 866 634 locum
890 575 1033 636 omissum
1055 593 1124 638 csse
1146 587 1212 638 anta
1228 579 1314 638 rarha
1333 577 1413 636 Ari-

241 678 354 737 stotelis
377 679 414 734 da
436 674 585 734 nobilitata
609 675 703 748 citata,
727 693 802 751 quaa
824 677 996 738 Plutarchus
1020 693 1170 752 opponere
1194 682 1267 740 solet
1282 679 1413 740 Aristo-

242 783 328 840 damo
351 777 515 837 Aristotelis
539 777 666 836 politicis
694 778 796 836 nitenti
825 779 876 852 (ol.
900 795 924 838 o.
941 777 1052 852 6—9):
1087 781 1291 854 corrigendum
1314 781 1413 839 enim

244 882 309 940 sina
334 879 423 940 dubio
447 887 492 937 ast
513 895 538 936 c.
555 875 597 938 18
612 877 650 935 iu.
678 893 733 951 pro
756 880 877 938 Philone
910 881 992 953 (licet
1019 881 1096 941 idom
1124 882 1225 940 vitium
1248 882 1336 940 etiam
1368 882 1416 940 sit

243 983 273 1041 in
299 997 376 1041 vera.
404 983 469 1054 lat)
509 969 528 1040 ὁ
561 973 603 1062 δή
638 967 831 1063 φιλόσοφος
863 983 922 1054 (so.
946 982 1058 1055 Arist).
1114 985 1214 1044 Restat
1245 984 1414 1042 Eudemus

244 1077 266 1170 ἢ
286 1080 364 1167 περὶ
391 1080 500 1170 ψυχῆς
531 1083 577 1155 (in
600 1097 659 1156 quo
681 1096 809 1154 persona
831 1091 893 1140 arat
913 1083 1035 1142 Eudemi
1059 1083 1156 1159 Cyprii
1178 1083 1277 1144 ilionis
1300 1085 1414 1156 amici,

242 1191 280 1248 cl.
303 1189 377 1246 Plut.
402 1186 484 1245 ilion.
501 1183 576 1257 22):
600 1198 688 1257 quam
711 1184 837 1242 maxime
859 1184 920 1242 lora
943 1184 1090 1258 dialogum
1112 1194 1246 1260 spectare
1261 1187 1417 1246 ridentur
1510 1189 1511 1256 ἶ

244 1292 263 1349 ii
287 1290 338 1364 qui
360 1291 397 1348 da
419 1286 589 1346 discrimine
611 1285 712 1344 dicunt
733 1285 876 1344 librorum
902 1294 953 1344 aut
979 1287 1236 1346 acroamaticorum
1264 1297 1314 1346 aut
1339 1290 1417 1348 dia·
1510 1291 1511 1346 i

245 1392 416 1465 logicorum.
461 1387 513 1446 llio
536 1387 614 1444 onim
637 1394 739 1444 auctor
761 1403 898 1446 sermono
922 1387 993 1446 satis
1016 1389 1144 1447 rotundo
1167 1397 1196 1449 et
1217 1407 1270 1464 pro
1286 1390 1416 1450 Aristo-

246 1494 304 1552 tela
326 1501 404 1550 carte
428 1487 603 1559 sublimiori,
626 1488 877 1561 argumentatione
900 1488 985 1546 ctiam
1008 1490 1151 1550 rhetorica
1175 1499 1203 1550 et
1225 1508 1280 1566 qua
1302 1492 1349 1550 uti
1379 1493 1415 1552 in

247 1597 299 1654 hae
321 1607 352 1650 ra
376 1591 472 1649 solent
495 1589 584 1648 Stoici
613 1581 699 1668 πρὸς
720 1582 759 1650 τὸ
782 1583 934 1652 πιθανὸν
961 1591 1034 1678 lacta
1067 1592 1196 1666 disputat
1222 1593 1296 1652 sicut
1317 1593 1415 1652 Plato
1510 1663 1511 1668 γ

244 1704 330 1755 antea
353 1700 382 1751 et
403 1691 574 1750 Aristoteles
597 1689 981 1765 (resuscitandas)
1004 1701 1107 1752 contra
1129 1711 1181 1754 cos
1203 1696 1253 1770 qui
1272 1696 1415 1756 animam

246 1813 315 1857 esse
338 1795 468 1854 dicerent
490 1793 623 1867 corporis
640 1793 734 1868 ipsius
750 1801 779 1852 ct
791 1795 1002 1853 clementorum
1015 1796 1194 1854 harmoniam
1208 1799 1258 1869 (ol.
1269 1797 1414 1870 Simplic.

247 1910 276 1960 et
290 1899 403 1971 rhilop.
419 1896 516 1955 addr.
529 1897 548 1953 l.
561 1896 614 1966 c),
637 1897 716 1955 valut
738 1896 895 1954 etiamtunc
918 1904 1033 1969 praeter
1054 1899 1186 1958 medicos
1208 1899 1415 1960 dicaearchus

246 2010 276 2060 ct
297 2001 345 2058 alii
368 2006 446 2057 carte
469 2005 502 2056 ut
524 1997 603 2054 omni
625 2006 759 2072 tempora
780 1997 874 2069 multi,
897 2003 984 2071 atquc
999 1998 1157 2074 insurgens
1173 2001 1261 2060 animi
1274 2002 1413 2074 quodam

247 2103 366 2172 affecto,
400 2093 450 2173 qui
477 2106 575 2156 tamen
604 2115 640 2156 cx
668 2107 750 2172 parte
777 2100 902 2172 quadam
930 2099 1112 2160 ciceroniani
1140 2103 1285 2161 cannonis
1313 2103 1414 2162 nitori

247 2205 379 2273 debatur,
403 2202 475 2259 deos
498 2215 566 2258 asse
588 2199 695 2258 asserit
717 2208 746 2258 at
768 2200 902 2258 ordinem
930 2204 1032 2262 mundi
1061 2203 1192 2263 divinum
1215 2203 1413 2279 divinamque

247 2304 376 2364 hominis
403 2302 531 2360 animam
558 2308 586 2360 et
614 2301 807 2360 immortalem
842 2317 916 2376 quae
942 2303 1028 2362 sicuti
1061 2306 1090 2364 in
1125 2321 1229 2364 somno
1250 2321 1285 2364 aa
1306 2307 1412 2380 ipsam

249 2408 334 2482 quasi
361 2404 507 2479 recipiens
534 2403 651 2477 colligat
679 2402 718 2460 ite
743 2411 810 2477 post
836 2411 961 2463 mortem
989 2421 1006 2463 a
1033 2407 1164 2480 corporis
1192 2406 1316 2466 vinculis
1342 2410 1412 2467 sol-

248 2517 333 2569 vatur
364 2508 394 2565 in
429 2507 516 2566 vitam
550 2507 664 2565 beatam
698 2506 749 2577 (oi.
772 2505 859 2564 Arist.
883 2507 917 2564 ir.
941 2523 987 2580 ap.
1012 2507 1070 2566 Cio.
1093 2524 1122 2566 n.
1147 2510 1174 2567 d.
1194 2508 1225 2580 2,
1241 2505 1291 2570 37.
1321 2511 1408 2569 Sext.

248 2609 356 2684 Empir.
381 2624 409 2681 p.
426 2603 488 2666 395
511 2606 599 2665 Bekk.
630 2623 704 2682 quae
727 2623 764 2666 cx
787 2609 843 2668 hoo
866 2607 980 2683 dialogo
1003 2611 1090 2668 ducta
1113 2626 1180 2670 esse
1203 2625 1238 2669 eo
1261 2619 1306 2670 est
1326 2614 1410 2671 rari-

249 2710 375 2771 similius
402 2699 483 2782 quod
508 2722 564 2766 nec
591 2717 706 2780 praeter
733 2711 812 2768 hunc
837 2709 887 2766 alii
914 2711 1093 2770 conveniunt
1118 2712 1176 2771 uisi
1203 2715 1276 2772 lorte
1301 2714 1408 2788 ignoto
1509 2743 1510 2782 t

249 2814 290 2875 illi
314 2804 392 2894 περὶ
413 2799 509 2892 εὐχῆς
530 2816 560 2868 et
582 2809 704 2872 Eudemi
726 2814 888 2885 fragmento
909 2811 988 2883 epod
1011 2812 1085 2871 Plot.
1103 2813 1190 2872 Cous.
1207 2815 1408 2890 adApoll.27
1509 2825 1510 2842 ¹

171 2909 182 2920 ’
249 2915 397 2975 simillima
420 2914 514 2986 sont).
559 2911 637 2970 Haec
665 2921 743 2987 patet
769 2913 862 2986 magis
883 2913 972 2971 ctiam
995 2929 1082 2987 quam
1105 2915 1211 2974 lihrum
1233 2917 1270 2976 de
1292 2919 1407 2978 mundo

250 3031 354 3090 sapere
377 3012 564 3073 Academiam
587 3012 638 3083 (cl.
663 3015 700 3072 de
722 3014 756 3072 ir.
779 3015 846 3073 libri
869 3035 906 3076 π.
930 3008 1138 3098 φιλοσοφίας
1159 3033 1205 3091 ap.
1230 3019 1331 3093 Simpl.
1346 3019 1407 3078 tta-

249 3119 369 3177 taisson
392 3131 445 3174 sur
467 3116 494 3172 la
516 3111 581 3172 llldt.
599 3113 619 3186 l,
636 3111 703 3188 68),
725 3115 885 3173 ahhorrorc
908 3131 977 3174 vero
1001 3125 1032 3174 ut
1053 3119 1211 3191 plurimum
1234 3120 1271 3178 ah
1293 3122 1407 3180 Aristo-

248 3220 315 3280 telis
338 3216 503 3276 studiorum
525 3214 653 3287 ratione,
682 3215 771 3273 immo
797 3217 917 3291 inganio
945 3219 1010 3278 eius
1033 3233 1101 3278 esse
1123 3235 1246 3292 prorsus
1268 3221 1406 3296 indigna;

251 3321 360 3396 quippe
393 3319 440 3378 cui
473 3334 531 3376 una
560 3333 628 3376 vcra
659 3317 806 3392 theologia
839 3319 878 3378 sit
903 3321 997 3393 prima
1023 3322 1209 3396 philosophia
1235 3339 1311 3396 quaa
1338 3323 1407 3383 licet

249 3425 404 3482 obscurata
438 3419 508 3480 insit
534 3425 632 3478 tomen
660 3417 715 3492 ipsi
743 3420 876 3492 populari
903 3421 1037 3496 religioni
1063 3423 1310 3498 (Metaph.11‚8
1332 3441 1407 3500 qua·

250 3531 370 3602 propter
398 3523 444 3584 val
470 3522 550 3597 vulgi
577 3521 750 3598 placitorum
776 3520 922 3581 interdum
952 3525 1040 3582 terlio
1069 3526 1209 3584 rationem
1238 3529 1339 3598 hahet,
1368 3530 1407 3588 de

251 3628 339 3686 Coelo
356 3623 386 3696 t,
403 3623 433 3684 9.
456 3626 492 3683 cl.
515 3625 579 3682 Eth.
597 3621 648 3693 10,
664 3619 716 3694 8),
744 3623 944 3684 immortalitas
970 3641 1041 3684 vero
1069 3641 1157 3700 quam
1184 3629 1277 3688 credit
1298 3631 1406 3704 vulgus

250 3728 414 3787 animarum
437 3723 501 3782 eius
524 3725 561 3784 de
583 3723 732 3782 intellectu
756 3725 887 3784 doctrina
908 3727 996 3800 plane
1018 3737 1217 3800 removeatur,
1246 3731 1286 3788 ita
1306 3738 1407 3792 tamen

251 3838 283 3890 ut
314 3842 475 3900 numquam
512 3825 576 3900 ipsa
610 3833 834 3886 commemorata
866 3827 1009 3886 refutatur
1034 3845 1051 3888 a
1077 3830 1140 3889 viro
1166 3831 1228 3889 scil.
1257 3833 1408 3892 sensualis

249 3929 416 4004 theologiae
438 3928 524 4001 plane
546 3927 696 3988 incurioso
725 3926 781 3986 nisi
809 3928 888 4000 qnod
911 3937 943 3989 ut
965 3930 1025 3989 iere
1049 3931 1145 3990 solent
1166 3932 1334 4008 philosophi
1358 3935 1407 3993 dai

250 4035 342 4101 utitur
375 4031 517 4090 vocabulo
545 4047 598 4105 pro
625 4028 789 4090 substantia
816 4027 1002 4090 intellectuali
1031 4033 1212 4106 designanda
1239 4034 1409 4109 mentisque

250 4137 314 4210 lege
337 4141 366 4192 et
387 4132 562 4192 necessitate
585 4133 727 4192 mundum
750 4137 885 4188 morante
913 4147 1021 4206 resque
1049 4149 1152 4193 omues
1179 4136 1325 4194 morando
1348 4138 1410 4198 lor·

250 4243 348 4294 mante
382 4233 576 4307 (quapropter
598 4240 626 4294 at
649 4247 724 4307 quae
751 4231 820 4290 indo
846 4242 944 4293 manat
971 4234 1098 4294 hominis
1121 4250 1206 4294 mens
1229 4237 1291 4298 siva
1314 4239 1411 4300 forme

251 4340 376 4400 humana
406 4334 501 4392 divina
529 4334 635 4392 dicitur
662 4335 696 4392 cl.
721 4334 783 4392 Eth.
802 4331 851 4405 10,
869 4334 897 4395 7.
927 4337 963 4394 de
991 4353 1056 4408 gen.
1080 4353 1126 4394 an.
1149 4335 1291 4412 alon,
1309 4338 1351 4400 10
1382 4350 1411 4400 at
