<?xml version="1.0" encoding="UTF-8"?>
<!DOCTYPE html PUBLIC "-//W3C//DTD XHTML 1.0 Transitional//EN"
    "http://www.w3.org/TR/xhtml1/DTD/xhtml1-transitional.dtd">
<html xmlns="http://www.w3.org/1999/xhtml" xml:lang="en" lang="en">
 <head>
  <title>
</title>
<meta http-equiv="Content-Type" content="text/html;charset=utf-8" />
  <meta name='ocr-system' content='tesseract 3.04.00' />
  <meta name='ocr-capabilities' content='ocr_page ocr_carea ocr_par ocr_line ocrx_word'/>
</head>
<body>
  <div class='ocr_page' id='page_1' title='image "./dearistotelisli01rosegoog_0147.png"; bbox 0 0 3036 5164; ppageno 0'>
   <div class='ocr_carea' id='block_1_1' title="bbox 785 371 848 436">
    <p class='ocr_par' dir='ltr' id='par_1_1' title="bbox 785 371 848 436">
     <span class='ocr_line' id='line_1_1' title="bbox 785 371 848 436; baseline 0.032 -2"><span class='ocrx_word' id='word_1_1' title='bbox 785 371 848 436; x_wconf 83' lang='grc'><strong>110</strong></span> 
     </span>
    </p>
   </div>
   <div class='ocr_carea' id='block_1_2' title="bbox 179 526 1393 4526">
    <p class='ocr_par' dir='ltr' id='par_1_2' title="bbox 237 526 1392 1955">
     <span class='ocr_line' id='line_1_2' title="bbox 238 526 1390 622; baseline 0.001 -19"><span class='ocrx_word' id='word_1_2' title='bbox 238 542 421 616; x_wconf 85' lang='lat' dir='ltr'><strong>tinuarentqr</strong></span> <span class='ocrx_word' id='word_1_3' title='bbox 453 539 503 620; x_wconf 82' lang='grc'><strong>(61.</strong></span> <span class='ocrx_word' id='word_1_4' title='bbox 525 546 632 620; x_wconf 85' lang='grc'><strong>1161166.</strong></span> <span class='ocrx_word' id='word_1_5' title='bbox 656 546 695 615; x_wconf 86' lang='grc'><strong>16</strong></span> <span class='ocrx_word' id='word_1_6' title='bbox 715 563 781 622; x_wconf 82' lang='lat' dir='ltr'><strong>geu.</strong></span> <span class='ocrx_word' id='word_1_7' title='bbox 806 562 851 604; x_wconf 90' lang='grc'><strong>66.</strong></span> <span class='ocrx_word' id='word_1_8' title='bbox 876 547 895 604; x_wconf 93' lang='grc'><strong>1.</strong></span> <span class='ocrx_word' id='word_1_9' title='bbox 912 543 941 606; x_wconf 89' lang='lat'><strong>3.</strong></span> <span class='ocrx_word' id='word_1_10' title='bbox 959 540 1010 606; x_wconf 77' lang='lat' dir='ltr'><strong>tn.</strong></span> <span class='ocrx_word' id='word_1_11' title='bbox 1040 526 1183 607; x_wconf 83' lang='lat' dir='ltr'><strong>dverroes</strong></span> <span class='ocrx_word' id='word_1_12' title='bbox 1208 547 1347 622; x_wconf 87' lang='lat' dir='ltr'><strong>Paraphr.</strong></span> <span class='ocrx_word' id='word_1_13' title='bbox 1371 545 1390 604; x_wconf 93' lang='lat' dir='ltr'><strong>l.</strong></span> 
     </span>
     <span class='ocr_line' id='line_1_3' title="bbox 238 647 1390 726; baseline 0.002 -20"><span class='ocrx_word' id='word_1_14' title='bbox 238 649 275 706; x_wconf 92' lang='lat' dir='ltr'><strong>de</strong></span> <span class='ocrx_word' id='word_1_15' title='bbox 297 663 363 722; x_wconf 80' lang='lat' dir='ltr'><strong>gen.</strong></span> <span class='ocrx_word' id='word_1_16' title='bbox 385 665 431 707; x_wconf 88' lang='lat' dir='ltr'><strong>an.</strong></span> <span class='ocrx_word' id='word_1_17' title='bbox 456 649 529 722; x_wconf 87' lang='grc'><strong>066.</strong></span> <span class='ocrx_word' id='word_1_18' title='bbox 546 649 628 721; x_wconf 86' lang='lat' dir='ltr'><strong>vt,2</strong></span> <span class='ocrx_word' id='word_1_19' title='bbox 649 667 678 723; x_wconf 87' lang='lat' dir='ltr'><strong>p.</strong></span> <span class='ocrx_word' id='word_1_20' title='bbox 695 650 737 708; x_wconf 78' lang='grc'><strong>41</strong></span> <span class='ocrx_word' id='word_1_21' title='bbox 760 657 789 708; x_wconf 89' lang='grc'><strong>61</strong></span> <span class='ocrx_word' id='word_1_22' title='bbox 811 651 859 709; x_wconf 92' lang='lat' dir='ltr'><strong>lin.</strong></span> <span class='ocrx_word' id='word_1_23' title='bbox 884 652 1020 726; x_wconf 89' lang='lat' dir='ltr'><strong>Paraphr.</strong></span> <span class='ocrx_word' id='word_1_24' title='bbox 1044 651 1062 707; x_wconf 95' lang='lat' dir='ltr'><strong>l.</strong></span> <span class='ocrx_word' id='word_1_25' title='bbox 1087 652 1124 708; x_wconf 95' lang='lat' dir='ltr'><strong>de</strong></span> <span class='ocrx_word' id='word_1_26' title='bbox 1146 651 1278 724; x_wconf 83' lang='lat' dir='ltr'><strong>partibus</strong></span> <span class='ocrx_word' id='word_1_27' title='bbox 1301 651 1348 723; x_wconf 89' lang='lat' dir='ltr'><strong>Vl,</strong></span> <span class='ocrx_word' id='word_1_28' title='bbox 1373 647 1390 707; x_wconf 85' lang='lat'><strong>1</strong></span> 
     </span>
     <span class='ocr_line' id='line_1_4' title="bbox 237 747 1391 826; baseline 0 -16"><span class='ocrx_word' id='word_1_29' title='bbox 237 769 265 826; x_wconf 94' lang='lat' dir='ltr'><strong>p.</strong></span> <span class='ocrx_word' id='word_1_30' title='bbox 282 747 354 811; x_wconf 88' lang='grc'><strong>203.</strong></span> <span class='ocrx_word' id='word_1_31' title='bbox 389 750 499 811; x_wconf 78' lang='lat' dir='ltr'><strong>Arabes</strong></span> <span class='ocrx_word' id='word_1_32' title='bbox 534 751 612 810; x_wconf 85' lang='lat' dir='ltr'><strong>eninr</strong></span> <span class='ocrx_word' id='word_1_33' title='bbox 638 753 744 813; x_wconf 89' lang='lat' dir='ltr'><strong>lihrum</strong></span> <span class='ocrx_word' id='word_1_34' title='bbox 772 755 818 812; x_wconf 92' lang='grc'><strong>16·</strong></span> <span class='ocrx_word' id='word_1_35' title='bbox 834 754 952 812; x_wconf 80' lang='lat' dir='ltr'><strong>incessu</strong></span> <span class='ocrx_word' id='word_1_36' title='bbox 976 753 1096 811; x_wconf 90' lang='lat' dir='ltr'><strong>omnino</strong></span> <span class='ocrx_word' id='word_1_37' title='bbox 1118 752 1298 826; x_wconf 79' lang='lat' dir='ltr'><strong>ignorantes,</strong></span> <span class='ocrx_word' id='word_1_38' title='bbox 1321 769 1391 811; x_wconf 92' lang='lat' dir='ltr'><strong>con-</strong></span> 
     </span>
     <span class='ocr_line' id='line_1_5' title="bbox 237 847 1392 929; baseline 0 -15"><span class='ocrx_word' id='word_1_39' title='bbox 237 854 344 914; x_wconf 89' lang='lat' dir='ltr'><strong>iunctis</strong></span> <span class='ocrx_word' id='word_1_40' title='bbox 368 870 434 912; x_wconf 91' lang='lat' dir='ltr'><strong>cum</strong></span> <span class='ocrx_word' id='word_1_41' title='bbox 456 853 596 914; x_wconf 79' lang='lat' dir='ltr'><strong>historiae</strong></span> <span class='ocrx_word' id='word_1_42' title='bbox 618 855 705 915; x_wconf 89' lang='lat' dir='ltr'><strong>anim.</strong></span> <span class='ocrx_word' id='word_1_43' title='bbox 730 855 811 915; x_wconf 89' lang='lat' dir='ltr'><strong>libris</strong></span> <span class='ocrx_word' id='word_1_44' title='bbox 834 856 937 914; x_wconf 91' lang='lat' dir='ltr'><strong>decem</strong></span> <span class='ocrx_word' id='word_1_45' title='bbox 960 856 1052 914; x_wconf 84' lang='grc'><strong>-61</strong></span> <span class='ocrx_word' id='word_1_46' title='bbox 1075 847 1334 929; x_wconf 77' lang='grc'><strong>166116166172</strong></span> <span class='ocrx_word' id='word_1_47' title='bbox 1352 887 1392 897; x_wconf 83' lang='grc'><strong>-</strong></span> 
     </span>
     <span class='ocr_line' id='line_1_6' title="bbox 237 957 1392 1032; baseline 0 -16"><span class='ocrx_word' id='word_1_48' title='bbox 237 957 274 1016; x_wconf 89' lang='grc'><strong>116</strong></span> <span class='ocrx_word' id='word_1_49' title='bbox 301 957 350 1032; x_wconf 91' lang='lat' dir='ltr'><strong>qui</strong></span> <span class='ocrx_word' id='word_1_50' title='bbox 384 965 467 1016; x_wconf 88' lang='lat' dir='ltr'><strong>erant</strong></span> <span class='ocrx_word' id='word_1_51' title='bbox 500 958 535 1015; x_wconf 89' lang='lat' dir='ltr'><strong>de</strong></span> <span class='ocrx_word' id='word_1_52' title='bbox 562 958 694 1031; x_wconf 88' lang='lat' dir='ltr'><strong>partibus</strong></span> <span class='ocrx_word' id='word_1_53' title='bbox 723 965 751 1018; x_wconf 91' lang='lat' dir='ltr'><strong>et</strong></span> <span class='ocrx_word' id='word_1_54' title='bbox 778 973 843 1032; x_wconf 86' lang='lat' dir='ltr'><strong>gen.</strong></span> <span class='ocrx_word' id='word_1_55' title='bbox 872 974 930 1029; x_wconf 84' lang='lat' dir='ltr'><strong>am,</strong></span> <span class='ocrx_word' id='word_1_56' title='bbox 954 958 1017 1016; x_wconf 85' lang='lat' dir='ltr'><strong>XIX</strong></span> <span class='ocrx_word' id='word_1_57' title='bbox 1040 958 1132 1016; x_wconf 92' lang='lat' dir='ltr'><strong>lihros</strong></span> <span class='ocrx_word' id='word_1_58' title='bbox 1161 957 1197 1014; x_wconf 91' lang='lat' dir='ltr'><strong>de</strong></span> <span class='ocrx_word' id='word_1_59' title='bbox 1220 957 1392 1018; x_wconf 82' lang='lat' dir='ltr'><strong>animalibus</strong></span> 
     </span>
     <span class='ocr_line' id='line_1_7' title="bbox 237 1056 1392 1140; baseline -0.001 -22"><span class='ocrx_word' id='word_1_60' title='bbox 237 1061 440 1132; x_wconf 83' lang='lat' dir='ltr'><strong>numerabant,</strong></span> <span class='ocrx_word' id='word_1_61' title='bbox 464 1060 499 1118; x_wconf 92' lang='grc'><strong>61.</strong></span> <span class='ocrx_word' id='word_1_62' title='bbox 524 1058 663 1117; x_wconf 85' lang='lat' dir='ltr'><strong>Averr.V</strong></span> <span class='ocrx_word' id='word_1_63' title='bbox 685 1077 712 1133; x_wconf 88' lang='lat' dir='ltr'><strong>p.</strong></span> <span class='ocrx_word' id='word_1_64' title='bbox 729 1060 815 1138; x_wconf 82' lang='grc'><strong>404),</strong></span> <span class='ocrx_word' id='word_1_65' title='bbox 839 1060 925 1134; x_wconf 86' lang='grc'><strong>66661</strong></span> <span class='ocrx_word' id='word_1_66' title='bbox 947 1059 988 1117; x_wconf 90' lang='grc'><strong>1111</strong></span> <span class='ocrx_word' id='word_1_67' title='bbox 1012 1059 1130 1119; x_wconf 91' lang='grc'><strong>6611666</strong></span> <span class='ocrx_word' id='word_1_68' title='bbox 1154 1056 1205 1138; x_wconf 78' lang='lat' dir='ltr'><strong>(Yb</strong></span> <span class='ocrx_word' id='word_1_69' title='bbox 1227 1059 1392 1140; x_wconf 79' lang='grc'><strong>6661)(61</strong></span> 
     </span>
     <span class='ocr_line' id='line_1_8' title="bbox 238 1161 1391 1237; baseline -0.002 -16"><span class='ocrx_word' id='word_1_70' title='bbox 238 1170 306 1236; x_wconf 90' lang='lat' dir='ltr'><strong>post</strong></span> <span class='ocrx_word' id='word_1_71' title='bbox 326 1163 417 1220; x_wconf 91' lang='lat' dir='ltr'><strong>lihros</strong></span> <span class='ocrx_word' id='word_1_72' title='bbox 442 1162 478 1221; x_wconf 93' lang='grc'><strong>16</strong></span> <span class='ocrx_word' id='word_1_73' title='bbox 500 1161 633 1235; x_wconf 86' lang='lat' dir='ltr'><strong>partibus</strong></span> <span class='ocrx_word' id='word_1_74' title='bbox 656 1161 795 1221; x_wconf 85' lang='lat' dir='ltr'><strong>exhibent</strong></span> <span class='ocrx_word' id='word_1_75' title='bbox 816 1161 922 1220; x_wconf 89' lang='lat' dir='ltr'><strong>lihrum</strong></span> <span class='ocrx_word' id='word_1_76' title='bbox 947 1178 981 1220; x_wconf 89' lang='lat' dir='ltr'><strong>ex</strong></span> <span class='ocrx_word' id='word_1_77' title='bbox 1006 1163 1070 1237; x_wconf 92' lang='lat' dir='ltr'><strong>ipso</strong></span> <span class='ocrx_word' id='word_1_78' title='bbox 1093 1163 1258 1222; x_wconf 80' lang='lat' dir='ltr'><strong>Aristotelis</strong></span> <span class='ocrx_word' id='word_1_79' title='bbox 1271 1162 1391 1220; x_wconf 91' lang='lat' dir='ltr'><strong>consilio</strong></span> 
     </span>
     <span class='ocr_line' id='line_1_9' title="bbox 238 1258 1392 1339; baseline -0.002 -15"><span class='ocrx_word' id='word_1_80' title='bbox 238 1273 412 1338; x_wconf 85' lang='lat' dir='ltr'><strong>sequentem</strong></span> <span class='ocrx_word' id='word_1_81' title='bbox 440 1266 476 1323; x_wconf 90' lang='grc'><strong>16</strong></span> <span class='ocrx_word' id='word_1_82' title='bbox 505 1265 624 1322; x_wconf 78' lang='lat' dir='ltr'><strong>incessu</strong></span> <span class='ocrx_word' id='word_1_83' title='bbox 654 1264 757 1336; x_wconf 79' lang='lat' dir='ltr'><strong>anina,</strong></span> <span class='ocrx_word' id='word_1_84' title='bbox 792 1265 953 1324; x_wconf 83' lang='lat' dir='ltr'><strong>clausulam</strong></span> <span class='ocrx_word' id='word_1_85' title='bbox 981 1265 1059 1323; x_wconf 89' lang='lat' dir='ltr'><strong>illam</strong></span> <span class='ocrx_word' id='word_1_86' title='bbox 1083 1283 1142 1339; x_wconf 92' lang='lat' dir='ltr'><strong>qua</strong></span> <span class='ocrx_word' id='word_1_87' title='bbox 1162 1283 1228 1324; x_wconf 89' lang='lat' dir='ltr'><strong>cum</strong></span> <span class='ocrx_word' id='word_1_88' title='bbox 1253 1258 1334 1323; x_wconf 82' lang='lat' dir='ltr'><strong>libris</strong></span> <span class='ocrx_word' id='word_1_89' title='bbox 1355 1266 1392 1322; x_wconf 91' lang='lat' dir='ltr'><strong>de</strong></span> 
     </span>
     <span class='ocr_line' id='line_1_10' title="bbox 239 1363 1391 1445; baseline -0.002 -19"><span class='ocrx_word' id='word_1_90' title='bbox 239 1384 337 1442; x_wconf 85' lang='lat' dir='ltr'><strong>gener.</strong></span> <span class='ocrx_word' id='word_1_91' title='bbox 362 1367 403 1426; x_wconf 92' lang='lat' dir='ltr'><strong>illi</strong></span> <span class='ocrx_word' id='word_1_92' title='bbox 426 1367 646 1440; x_wconf 83' lang='lat' dir='ltr'><strong>coniunguntur</strong></span> <span class='ocrx_word' id='word_1_93' title='bbox 668 1365 805 1426; x_wconf 88' lang='lat' dir='ltr'><strong>omittunt</strong></span> <span class='ocrx_word' id='word_1_94' title='bbox 828 1363 927 1445; x_wconf 86' lang='lat' dir='ltr'><strong>(Bekk.</strong></span> <span class='ocrx_word' id='word_1_95' title='bbox 951 1385 979 1442; x_wconf 88' lang='lat' dir='ltr'><strong>p.</strong></span> <span class='ocrx_word' id='word_1_96' title='bbox 997 1365 1086 1445; x_wconf 81' lang='lat'>697);</span> <span class='ocrx_word' id='word_1_97' title='bbox 1110 1368 1157 1426; x_wconf 84' lang='lat' dir='ltr'><strong>elii</strong></span> <span class='ocrx_word' id='word_1_98' title='bbox 1180 1383 1250 1427; x_wconf 84' lang='lat' dir='ltr'><strong>vero</strong></span> <span class='ocrx_word' id='word_1_99' title='bbox 1266 1367 1391 1427; x_wconf 87' lang='lat' dir='ltr'><strong>editores</strong></span> 
     </span>
     <span class='ocr_line' id='line_1_11' title="bbox 238 1469 1391 1546; baseline -0.001 -17"><span class='ocrx_word' id='word_1_100' title='bbox 238 1478 307 1546; x_wconf 90' lang='lat' dir='ltr'><strong>post</strong></span> <span class='ocrx_word' id='word_1_101' title='bbox 328 1470 347 1527; x_wconf 91' lang='lat' dir='ltr'><strong>l.</strong></span> <span class='ocrx_word' id='word_1_102' title='bbox 375 1469 412 1528; x_wconf 91' lang='lat' dir='ltr'><strong>dc</strong></span> <span class='ocrx_word' id='word_1_103' title='bbox 439 1469 558 1528; x_wconf 92' lang='lat' dir='ltr'><strong>incessu</strong></span> <span class='ocrx_word' id='word_1_104' title='bbox 585 1469 677 1528; x_wconf 87' lang='lat' dir='ltr'><strong>libros</strong></span> <span class='ocrx_word' id='word_1_105' title='bbox 707 1469 742 1526; x_wconf 90' lang='lat' dir='ltr'><strong>de</strong></span> <span class='ocrx_word' id='word_1_106' title='bbox 771 1469 867 1528; x_wconf 90' lang='lat' dir='ltr'><strong>anima</strong></span> <span class='ocrx_word' id='word_1_107' title='bbox 890 1471 973 1544; x_wconf 91' lang='lat' dir='ltr'><strong>sequi</strong></span> <span class='ocrx_word' id='word_1_108' title='bbox 996 1471 1128 1529; x_wconf 88' lang='lat' dir='ltr'><strong>volentes</strong></span> <span class='ocrx_word' id='word_1_109' title='bbox 1152 1487 1210 1530; x_wconf 91' lang='lat' dir='ltr'><strong>sec.</strong></span> <span class='ocrx_word' id='word_1_110' title='bbox 1235 1471 1391 1529; x_wconf 76' lang='grc'><strong>66111661(-</strong></span> 
     </span>
     <span class='ocr_line' id='line_1_12' title="bbox 238 1558 1391 1642; baseline -0.003 -10"><span class='ocrx_word' id='word_1_111' title='bbox 238 1581 330 1632; x_wconf 89' lang='lat' dir='ltr'><strong>trema</strong></span> <span class='ocrx_word' id='word_1_112' title='bbox 353 1572 418 1630; x_wconf 92' lang='lat' dir='ltr'><strong>lihri</strong></span> <span class='ocrx_word' id='word_1_113' title='bbox 448 1572 484 1630; x_wconf 89' lang='lat' dir='ltr'><strong>de</strong></span> <span class='ocrx_word' id='word_1_114' title='bbox 518 1558 599 1632; x_wconf 89' lang='lat' dir='ltr'><strong>motu</strong></span> <span class='ocrx_word' id='word_1_115' title='bbox 627 1587 688 1642; x_wconf 87' lang='lat' dir='ltr'><strong>an,</strong></span> <span class='ocrx_word' id='word_1_116' title='bbox 722 1571 882 1630; x_wconf 91' lang='lat' dir='ltr'><strong>clausulam</strong></span> <span class='ocrx_word' id='word_1_117' title='bbox 911 1571 952 1630; x_wconf 88' lang='lat' dir='ltr'><strong>illi</strong></span> <span class='ocrx_word' id='word_1_118' title='bbox 978 1573 1065 1631; x_wconf 90' lang='lat' dir='ltr'><strong>talem</strong></span> <span class='ocrx_word' id='word_1_119' title='bbox 1094 1580 1143 1632; x_wconf 88' lang='lat' dir='ltr'><strong>aut</strong></span> <span class='ocrx_word' id='word_1_120' title='bbox 1169 1572 1319 1632; x_wconf 87' lang='lat' dir='ltr'><strong>addidisse</strong></span> <span class='ocrx_word' id='word_1_121' title='bbox 1344 1577 1391 1630; x_wconf 91' lang='lat' dir='ltr'><strong>aut</strong></span> 
     </span>
     <span class='ocr_line' id='line_1_13' title="bbox 239 1663 1389 1760; baseline -0.001 -27"><span class='ocrx_word' id='word_1_122' title='bbox 239 1676 385 1734; x_wconf 87' lang='lat' dir='ltr'><strong>inventam</strong></span> <span class='ocrx_word' id='word_1_123' title='bbox 409 1691 545 1734; x_wconf 87' lang='lat' dir='ltr'><strong>servasse</strong></span> <span class='ocrx_word' id='word_1_124' title='bbox 568 1663 703 1734; x_wconf 82' lang='lat' dir='ltr'><strong>videntur</strong></span> <span class='ocrx_word' id='word_1_125' title='bbox 726 1667 783 1751; x_wconf 75' lang='grc' dir='ltr'><strong>(ἐχ.</strong></span> <span class='ocrx_word' id='word_1_126' title='bbox 805 1667 876 1736; x_wconf 77' lang='grc' dir='ltr'><strong><em>ἐστι</em></strong></span> <span class='ocrx_word' id='word_1_127' title='bbox 896 1671 1072 1758; x_wconf 72' lang='grc' dir='ltr'><strong><em>θεωρῆσαι</em></strong></span> <span class='ocrx_word' id='word_1_128' title='bbox 1087 1669 1165 1758; x_wconf 82' lang='grc' dir='ltr'><strong><em>περὶ</em></strong></span> <span class='ocrx_word' id='word_1_129' title='bbox 1180 1673 1310 1760; x_wconf 78' lang='grc' dir='ltr'><strong>ψυχῆς).</strong></span> <span class='ocrx_word' id='word_1_130' title='bbox 1341 1676 1389 1733; x_wconf 88' lang='lat' dir='ltr'><strong>Est</strong></span> 
     </span>
     <span class='ocr_line' id='line_1_14' title="bbox 239 1778 1387 1853; baseline -0.003 -15"><span class='ocrx_word' id='word_1_131' title='bbox 239 1779 316 1838; x_wconf 87' lang='lat' dir='ltr'><strong>euim</strong></span> <span class='ocrx_word' id='word_1_132' title='bbox 340 1778 544 1853; x_wconf 89' lang='lat' dir='ltr'><strong>antiquissima</strong></span> <span class='ocrx_word' id='word_1_133' title='bbox 571 1779 619 1837; x_wconf 89' lang='lat' dir='ltr'><strong>illa</strong></span> <span class='ocrx_word' id='word_1_134' title='bbox 642 1779 678 1836; x_wconf 91' lang='lat' dir='ltr'><strong>de</strong></span> <span class='ocrx_word' id='word_1_135' title='bbox 701 1779 766 1836; x_wconf 90' lang='lat' dir='ltr'><strong>loco</strong></span> <span class='ocrx_word' id='word_1_136' title='bbox 790 1778 930 1837; x_wconf 88' lang='lat' dir='ltr'><strong>librorum</strong></span> <span class='ocrx_word' id='word_1_137' title='bbox 959 1780 995 1836; x_wconf 92' lang='grc'><strong>16</strong></span> <span class='ocrx_word' id='word_1_138' title='bbox 1023 1779 1118 1837; x_wconf 86' lang='lat' dir='ltr'><strong>anima</strong></span> <span class='ocrx_word' id='word_1_139' title='bbox 1146 1778 1295 1853; x_wconf 86' lang='lat' dir='ltr'><strong>quaestio,</strong></span> <span class='ocrx_word' id='word_1_140' title='bbox 1328 1778 1387 1836; x_wconf 93' lang='lat' dir='ltr'><strong>aliis</strong></span> 
     </span>
     <span class='ocr_line' id='line_1_15' title="bbox 239 1880 1388 1955; baseline -0.003 -15"><span class='ocrx_word' id='word_1_141' title='bbox 239 1897 291 1940; x_wconf 91' lang='lat' dir='ltr'><strong>eos</strong></span> <span class='ocrx_word' id='word_1_142' title='bbox 314 1888 414 1955; x_wconf 91' lang='lat' dir='ltr'><strong>utpote</strong></span> <span class='ocrx_word' id='word_1_143' title='bbox 438 1881 666 1940; x_wconf 86' lang='lat' dir='ltr'><strong>universaliores</strong></span> <span class='ocrx_word' id='word_1_144' title='bbox 689 1888 756 1939; x_wconf 89' lang='lat' dir='ltr'><strong>ante</strong></span> <span class='ocrx_word' id='word_1_145' title='bbox 778 1881 870 1939; x_wconf 88' lang='lat' dir='ltr'><strong>lihros</strong></span> <span class='ocrx_word' id='word_1_146' title='bbox 893 1880 930 1938; x_wconf 91' lang='lat' dir='ltr'><strong>de</strong></span> <span class='ocrx_word' id='word_1_147' title='bbox 953 1880 1127 1939; x_wconf 82' lang='lat' dir='ltr'><strong>animalibus</strong></span> <span class='ocrx_word' id='word_1_148' title='bbox 1151 1881 1388 1940; x_wconf 87' lang='lat' dir='ltr'><strong>omnesinferen-</strong></span> 
     </span>
    </p>

    <p class='ocr_par' dir='ltr' id='par_1_3' title="bbox 179 1981 1393 4526">
     <span class='ocr_line' id='line_1_16' title="bbox 238 1981 1389 2058; baseline -0.002 -16"><span class='ocrx_word' id='word_1_149' title='bbox 238 1983 331 2056; x_wconf 90' lang='lat' dir='ltr'><strong>tibus,</strong></span> <span class='ocrx_word' id='word_1_150' title='bbox 361 1984 437 2042; x_wconf 87' lang='lat' dir='ltr'><strong>sicut</strong></span> <span class='ocrx_word' id='word_1_151' title='bbox 464 1983 583 2058; x_wconf 88' lang='lat' dir='ltr'><strong>quidam</strong></span> <span class='ocrx_word' id='word_1_152' title='bbox 607 2001 732 2058; x_wconf 92' lang='lat' dir='ltr'><strong>quorum</strong></span> <span class='ocrx_word' id='word_1_153' title='bbox 755 1983 917 2042; x_wconf 88' lang='lat' dir='ltr'><strong>sententiae</strong></span> <span class='ocrx_word' id='word_1_154' title='bbox 940 1981 1073 2042; x_wconf 89' lang='lat' dir='ltr'><strong>meminit</strong></span> <span class='ocrx_word' id='word_1_155' title='bbox 1093 1982 1234 2042; x_wconf 76' lang='lat' dir='ltr'><strong>Alexand.</strong></span> <span class='ocrx_word' id='word_1_156' title='bbox 1258 1985 1293 2042; x_wconf 89' lang='lat' dir='ltr'><strong>ad</strong></span> <span class='ocrx_word' id='word_1_157' title='bbox 1316 1985 1333 2042; x_wconf 89' lang='lat' dir='ltr'><strong>l.</strong></span> <span class='ocrx_word' id='word_1_158' title='bbox 1356 1984 1389 2040; x_wconf 89' lang='lat' dir='ltr'><strong>dc</strong></span> 
     </span>
     <span class='ocr_line' id='line_1_17' title="bbox 179 2067 1388 2170; baseline 0.002 -26"><span class='ocrx_word' id='word_1_159' title='bbox 179 2067 180 2070; x_wconf 23' lang='lat'>¹</span> <span class='ocrx_word' id='word_1_160' title='bbox 239 2101 330 2144; x_wconf 90' lang='lat' dir='ltr'><strong>sensu</strong></span> <span class='ocrx_word' id='word_1_161' title='bbox 354 2085 371 2143; x_wconf 97' lang='grc'><strong>1.</strong></span> <span class='ocrx_word' id='word_1_162' title='bbox 389 2082 456 2145; x_wconf 80' lang='grc'><strong>931)</strong></span> <span class='ocrx_word' id='word_1_163' title='bbox 490 2075 574 2160; x_wconf 75' lang='grc' dir='ltr'>(ἀλλ’</span> <span class='ocrx_word' id='word_1_164' title='bbox 605 2075 644 2147; x_wconf 81' lang='grc' dir='ltr'><strong>οὗ</strong></span> <span class='ocrx_word' id='word_1_165' title='bbox 672 2079 885 2168; x_wconf 74' lang='grc' dir='ltr'><strong><em>προθέμενος</em></strong></span> <span class='ocrx_word' id='word_1_166' title='bbox 911 2079 990 2168; x_wconf 82' lang='grc' dir='ltr'><strong><em>περὶ</em></strong></span> <span class='ocrx_word' id='word_1_167' title='bbox 1016 2075 1108 2162; x_wconf 84' lang='grc' dir='ltr'><strong><em>ζώων</em></strong></span> <span class='ocrx_word' id='word_1_168' title='bbox 1136 2080 1245 2168; x_wconf 70' lang='grc' dir='ltr'><strong><em>λέγειν</em></strong></span> <span class='ocrx_word' id='word_1_169' title='bbox 1267 2082 1388 2170; x_wconf 79' lang='grc' dir='ltr'><strong><em>πρῶτον</em></strong></span> 
     </span>
     <span class='ocr_line' id='line_1_18' title="bbox 239 2173 1389 2273; baseline -0.003 -23"><span class='ocrx_word' id='word_1_170' title='bbox 239 2182 318 2268; x_wconf 83' lang='grc' dir='ltr'><strong>πέρί</strong></span> <span class='ocrx_word' id='word_1_171' title='bbox 340 2173 451 2247; x_wconf 76' lang='grc' dir='ltr'><strong><em>(ίίλλαιν</em></strong></span> <span class='ocrx_word' id='word_1_172' title='bbox 473 2185 572 2248; x_wconf 83' lang='grc' dir='ltr'><strong><em>τινῶν</em></strong></span> <span class='ocrx_word' id='word_1_173' title='bbox 593 2182 651 2249; x_wconf 85' lang='grc' dir='ltr'><strong><em>τὸν</em></strong></span> <span class='ocrx_word' id='word_1_174' title='bbox 674 2179 774 2268; x_wconf 78' lang='grc' dir='ltr'><strong><em>λόγον</em></strong></span> <span class='ocrx_word' id='word_1_175' title='bbox 796 2186 955 2262; x_wconf 81' lang='grc' dir='ltr'><strong><em>ποιεῖται,</em></strong></span> <span class='ocrx_word' id='word_1_176' title='bbox 980 2178 1024 2261; x_wconf 77' lang='grc' dir='ltr'><strong>ὥς</strong></span> <span class='ocrx_word' id='word_1_177' title='bbox 1046 2206 1132 2261; x_wconf 81' lang='grc' dir='ltr'><strong><em>τινες</em></strong></span> <span class='ocrx_word' id='word_1_178' title='bbox 1148 2177 1317 2273; x_wconf 76' lang='grc' dir='ltr'><strong><em>ᾠήθησαν,</em></strong></span> <span class='ocrx_word' id='word_1_179' title='bbox 1338 2185 1389 2249; x_wconf 79' lang='grc' dir='ltr'><strong>νῦν</strong></span> 
     </span>
     <span class='ocr_line' id='line_1_19' title="bbox 240 2280 1388 2376; baseline 0 -24"><span class='ocrx_word' id='word_1_180' title='bbox 240 2283 278 2352; x_wconf 57' lang='lat' dir='ltr'><strong>de*</strong></span> <span class='ocrx_word' id='word_1_181' title='bbox 299 2284 377 2374; x_wconf 78' lang='grc' dir='ltr'><strong><em>περὶ</em></strong></span> <span class='ocrx_word' id='word_1_182' title='bbox 398 2280 626 2376; x_wconf 70' lang='grc' dir='ltr'><strong><em>αἰσθητηρίων</em></strong></span> <span class='ocrx_word' id='word_1_183' title='bbox 647 2310 683 2352; x_wconf 82' lang='grc' dir='ltr'><strong>τε</strong></span> <span class='ocrx_word' id='word_1_184' title='bbox 706 2285 762 2352; x_wconf 84' lang='grc' dir='ltr'><strong>καί</strong></span> <span class='ocrx_word' id='word_1_185' title='bbox 778 2280 952 2372; x_wconf 76' lang='grc' dir='ltr'><strong>αἰσθητῶν</strong></span> <span class='ocrx_word' id='word_1_186' title='bbox 969 2283 1080 2374; x_wconf 73' lang='grc' dir='ltr'><strong><em>λέγων,</em></strong></span> <span class='ocrx_word' id='word_1_187' title='bbox 1103 2287 1187 2370; x_wconf 82' lang='grc' dir='ltr'><strong><em>μετὰ</em></strong></span> <span class='ocrx_word' id='word_1_188' title='bbox 1198 2290 1304 2354; x_wconf 79' lang='grc' dir='ltr'><strong><em>ταῦτα</em></strong></span> <span class='ocrx_word' id='word_1_189' title='bbox 1318 2285 1388 2374; x_wconf 82' lang='grc' dir='ltr'><strong><em>περὶ</em></strong></span> 
     </span>
     <span class='ocr_line' id='line_1_20' title="bbox 241 2383 1389 2478; baseline 0 -24"><span class='ocrx_word' id='word_1_190' title='bbox 241 2389 326 2476; x_wconf 81' lang='grc' dir='ltr'>ζωῆς</span> <span class='ocrx_word' id='word_1_191' title='bbox 346 2412 383 2454; x_wconf 87' lang='grc' dir='ltr'><strong>τε</strong></span> <span class='ocrx_word' id='word_1_192' title='bbox 411 2388 468 2456; x_wconf 84' lang='grc' dir='ltr'><strong>καί</strong></span> <span class='ocrx_word' id='word_1_193' title='bbox 488 2383 641 2456; x_wconf 80' lang='grc' dir='ltr'><strong><em>θανάτου</em></strong></span> <span class='ocrx_word' id='word_1_194' title='bbox 675 2387 731 2454; x_wconf 82' lang='grc' dir='ltr'><strong>καὶ</strong></span> <span class='ocrx_word' id='word_1_195' title='bbox 762 2384 870 2456; x_wconf 75' lang='grc' dir='ltr'><strong><em>ὕπνον</em></strong></span> <span class='ocrx_word' id='word_1_196' title='bbox 904 2389 961 2457; x_wconf 87' lang='grc' dir='ltr'><strong>καί</strong></span> <span class='ocrx_word' id='word_1_197' title='bbox 994 2386 1217 2478; x_wconf 74' lang='grc' dir='ltr'><em>ἐγρηγόρσεως</em></span> <span class='ocrx_word' id='word_1_198' title='bbox 1250 2389 1307 2457; x_wconf 86' lang='grc' dir='ltr'><strong>καὶ</strong></span> <span class='ocrx_word' id='word_1_199' title='bbox 1337 2390 1389 2476; x_wconf 81' lang='grc' dir='ltr'><strong>τῆς</strong></span> 
     </span>
     <span class='ocr_line' id='line_1_21' title="bbox 239 2482 1387 2583; baseline 0 -25"><span class='ocrx_word' id='word_1_200' title='bbox 239 2487 317 2560; x_wconf 71' lang='grc' dir='ltr'><strong>καθ’</strong></span> <span class='ocrx_word' id='word_1_201' title='bbox 338 2489 443 2558; x_wconf 69' lang='lat' dir='ltr'><strong>{lavor</strong></span> <span class='ocrx_word' id='word_1_202' title='bbox 463 2493 632 2580; x_wconf 77' lang='grc' dir='ltr'><strong><em>μαντικῆς,</em></strong></span> <span class='ocrx_word' id='word_1_203' title='bbox 656 2482 723 2558; x_wconf 74' lang='grc' dir='ltr'><strong>εἶθ’</strong></span> <span class='ocrx_word' id='word_1_204' title='bbox 747 2485 883 2582; x_wconf 73' lang='grc' dir='ltr'><strong><em>ὕστερον</em></strong></span> <span class='ocrx_word' id='word_1_205' title='bbox 904 2493 983 2583; x_wconf 83' lang='grc' dir='ltr'><strong><em>περὶ</em></strong></span> <span class='ocrx_word' id='word_1_206' title='bbox 995 2489 1097 2574; x_wconf 83' lang='grc' dir='ltr'><strong><em>ζώων·</em></strong></span> <span class='ocrx_word' id='word_1_207' title='bbox 1120 2488 1208 2560; x_wconf 80' lang='lat' dir='ltr'><strong>dtld</strong></span> <span class='ocrx_word' id='word_1_208' title='bbox 1223 2492 1387 2560; x_wconf 78' lang='grc' dir='ltr'><strong><em>καὶταῦτα</em></strong></span> 
     </span>
     <span class='ocr_line' id='line_1_22' title="bbox 238 2591 1387 2685; baseline -0.003 -24"><span class='ocrx_word' id='word_1_209' title='bbox 238 2597 297 2683; x_wconf 84' lang='grc' dir='ltr'><strong>τῆς</strong></span> <span class='ocrx_word' id='word_1_210' title='bbox 320 2591 543 2685; x_wconf 77' lang='grc' dir='ltr'><strong><em>προτεθείσης</em></strong></span> <span class='ocrx_word' id='word_1_211' title='bbox 565 2591 674 2678; x_wconf 74' lang='grc' dir='ltr'><strong><em>ἔχεται</em></strong></span> <span class='ocrx_word' id='word_1_212' title='bbox 696 2591 926 2684; x_wconf 81' lang='grc' dir='ltr'><strong><em>πραγματείας</em></strong></span> <span class='ocrx_word' id='word_1_213' title='bbox 941 2599 1010 2676; x_wconf 89' lang='grc'><strong>616.)</strong></span> <span class='ocrx_word' id='word_1_214' title='bbox 1037 2608 1066 2659; x_wconf 88' lang='grc'><strong>61</strong></span> <span class='ocrx_word' id='word_1_215' title='bbox 1092 2602 1156 2675; x_wconf 88' lang='grc'><strong>1666</strong></span> <span class='ocrx_word' id='word_1_216' title='bbox 1184 2601 1387 2661; x_wconf 76' lang='grc'><strong>1616666116-</strong></span> 
     </span>
     <span class='ocr_line' id='line_1_23' title="bbox 238 2703 1387 2782; baseline -0.003 -18"><span class='ocrx_word' id='word_1_217' title='bbox 238 2705 351 2764; x_wconf 87' lang='lat' dir='ltr'><strong>xandcr</strong></span> <span class='ocrx_word' id='word_1_218' title='bbox 383 2705 434 2782; x_wconf 79' lang='lat' dir='ltr'><strong>lde</strong></span> <span class='ocrx_word' id='word_1_219' title='bbox 462 2721 520 2779; x_wconf 85' lang='lat' dir='ltr'><strong>qua</strong></span> <span class='ocrx_word' id='word_1_220' title='bbox 546 2721 578 2764; x_wconf 89' lang='lat' dir='ltr'><strong>re</strong></span> <span class='ocrx_word' id='word_1_221' title='bbox 606 2706 640 2764; x_wconf 92' lang='grc'><strong>61.</strong></span> <span class='ocrx_word' id='word_1_222' title='bbox 664 2705 766 2764; x_wconf 85' lang='lat' dir='ltr'><strong>Daniel</strong></span> <span class='ocrx_word' id='word_1_223' title='bbox 788 2705 932 2764; x_wconf 82' lang='lat' dir='ltr'><strong>Furianus</strong></span> <span class='ocrx_word' id='word_1_224' title='bbox 961 2703 1090 2762; x_wconf 88' lang='lat' dir='ltr'><strong>Cretens.</strong></span> <span class='ocrx_word' id='word_1_225' title='bbox 1119 2705 1209 2778; x_wconf 85' lang='lat' dir='ltr'><strong>prael.</strong></span> <span class='ocrx_word' id='word_1_226' title='bbox 1234 2704 1342 2763; x_wconf 88' lang='lat' dir='ltr'><strong>Comm</strong></span> <span class='ocrx_word' id='word_1_227' title='bbox 1361 2704 1387 2761; x_wconf 88' lang='lat' dir='ltr'><strong>in</strong></span> 
     </span>
     <span class='ocr_line' id='line_1_24' title="bbox 239 2805 1387 2885; baseline -0.003 -19"><span class='ocrx_word' id='word_1_228' title='bbox 239 2808 287 2866; x_wconf 78' lang='lat' dir='ltr'><strong>Ar.</strong></span> <span class='ocrx_word' id='word_1_229' title='bbox 317 2809 353 2867; x_wconf 93' lang='lat' dir='ltr'><strong>de</strong></span> <span class='ocrx_word' id='word_1_230' title='bbox 380 2808 483 2883; x_wconf 85' lang='lat' dir='ltr'><strong>partib.</strong></span> <span class='ocrx_word' id='word_1_231' title='bbox 512 2825 558 2867; x_wconf 92' lang='lat' dir='ltr'><strong>an.</strong></span> <span class='ocrx_word' id='word_1_232' title='bbox 588 2809 688 2868; x_wconf 88' lang='lat' dir='ltr'><strong>Venet.</strong></span> <span class='ocrx_word' id='word_1_233' title='bbox 717 2805 800 2868; x_wconf 79' lang='lat'>1574</span> <span class='ocrx_word' id='word_1_234' title='bbox 828 2825 855 2882; x_wconf 88' lang='lat' dir='ltr'><strong>p.</strong></span> <span class='ocrx_word' id='word_1_235' title='bbox 878 2805 932 2885; x_wconf 94' lang='grc'><strong>21)</strong></span> <span class='ocrx_word' id='word_1_236' title='bbox 966 2812 995 2865; x_wconf 89' lang='grc'><strong>61</strong></span> <span class='ocrx_word' id='word_1_237' title='bbox 1028 2805 1177 2866; x_wconf 80' lang='lat' dir='ltr'><strong>Avicenna</strong></span> <span class='ocrx_word' id='word_1_238' title='bbox 1210 2814 1238 2865; x_wconf 89' lang='lat' dir='ltr'><strong>et</strong></span> <span class='ocrx_word' id='word_1_239' title='bbox 1271 2808 1387 2866; x_wconf 85' lang='lat' dir='ltr'><strong>Thomas</strong></span> 
     </span>
     <span class='ocr_line' id='line_1_25' title="bbox 239 2907 1388 2988; baseline -0.003 -20"><span class='ocrx_word' id='word_1_240' title='bbox 239 2910 369 2984; x_wconf 83' lang='lat' dir='ltr'><strong>Aquinas</strong></span> <span class='ocrx_word' id='word_1_241' title='bbox 404 2907 529 2987; x_wconf 80' lang='lat' dir='ltr'><strong>(Comm.</strong></span> <span class='ocrx_word' id='word_1_242' title='bbox 558 2912 587 2969; x_wconf 92' lang='lat' dir='ltr'><strong>in</strong></span> <span class='ocrx_word' id='word_1_243' title='bbox 610 2911 628 2968; x_wconf 93' lang='lat' dir='ltr'><strong>l.</strong></span> <span class='ocrx_word' id='word_1_244' title='bbox 661 2912 697 2969; x_wconf 92' lang='lat' dir='ltr'><strong>de</strong></span> <span class='ocrx_word' id='word_1_245' title='bbox 725 2926 816 2970; x_wconf 91' lang='lat' dir='ltr'><strong>sensu</strong></span> <span class='ocrx_word' id='word_1_246' title='bbox 845 2909 932 2988; x_wconf 93' lang='grc'><strong>1.1),</strong></span> <span class='ocrx_word' id='word_1_247' title='bbox 966 2908 1031 2967; x_wconf 89' lang='grc'><strong>61116</strong></span> <span class='ocrx_word' id='word_1_248' title='bbox 1066 2915 1213 2985; x_wconf 89' lang='lat' dir='ltr'><strong>tamquam</strong></span> <span class='ocrx_word' id='word_1_249' title='bbox 1246 2908 1388 2984; x_wconf 85' lang='lat' dir='ltr'><strong>zoologiee</strong></span> 
     </span>
     <span class='ocr_line' id='line_1_26' title="bbox 239 2992 1388 3087; baseline -0.002 -17"><span class='ocrx_word' id='word_1_250' title='bbox 239 2992 351 3086; x_wconf 78' lang='lat' dir='ltr'><strong>partein</strong></span> <span class='ocrx_word' id='word_1_251' title='bbox 374 3021 443 3087; x_wconf 89' lang='lat' dir='ltr'><strong>post</strong></span> <span class='ocrx_word' id='word_1_252' title='bbox 465 3013 556 3072; x_wconf 88' lang='lat' dir='ltr'><strong>libros</strong></span> <span class='ocrx_word' id='word_1_253' title='bbox 580 3015 616 3072; x_wconf 90' lang='lat' dir='ltr'><strong>de</strong></span> <span class='ocrx_word' id='word_1_254' title='bbox 638 3010 771 3087; x_wconf 89' lang='lat' dir='ltr'><strong>partibus</strong></span> <span class='ocrx_word' id='word_1_255' title='bbox 795 3019 824 3072; x_wconf 87' lang='lat' dir='ltr'><strong>et</strong></span> <span class='ocrx_word' id='word_1_256' title='bbox 845 3028 945 3087; x_wconf 82' lang='lat' dir='ltr'><strong>gener.</strong></span> <span class='ocrx_word' id='word_1_257' title='bbox 969 3011 1056 3070; x_wconf 87' lang='lat' dir='ltr'><strong>anim.</strong></span> <span class='ocrx_word' id='word_1_258' title='bbox 1075 3009 1147 3086; x_wconf 91' lang='lat' dir='ltr'><strong>(non</strong></span> <span class='ocrx_word' id='word_1_259' title='bbox 1163 3029 1233 3072; x_wconf 85' lang='lat' dir='ltr'><strong>vero</strong></span> <span class='ocrx_word' id='word_1_260' title='bbox 1250 3020 1282 3071; x_wconf 90' lang='lat' dir='ltr'><strong>ut</strong></span> <span class='ocrx_word' id='word_1_261' title='bbox 1297 3013 1388 3070; x_wconf 90' lang='lat' dir='ltr'><strong>volue-</strong></span> 
     </span>
     <span class='ocr_line' id='line_1_27' title="bbox 239 3113 1387 3190; baseline -0.002 -18"><span class='ocrx_word' id='word_1_262' title='bbox 239 3119 309 3188; x_wconf 89' lang='lat' dir='ltr'><strong>runt</strong></span> <span class='ocrx_word' id='word_1_263' title='bbox 330 3115 548 3188; x_wconf 80' lang='lat' dir='ltr'><strong>cumllphesio</strong></span> <span class='ocrx_word' id='word_1_264' title='bbox 572 3116 761 3188; x_wconf 84' lang='lat' dir='ltr'><strong>recentiores,</strong></span> <span class='ocrx_word' id='word_1_265' title='bbox 786 3115 883 3172; x_wconf 91' lang='lat' dir='ltr'><strong>medic</strong></span> <span class='ocrx_word' id='word_1_266' title='bbox 905 3113 982 3172; x_wconf 88' lang='lat' dir='ltr'><strong>inter</strong></span> <span class='ocrx_word' id='word_1_267' title='bbox 1003 3116 1021 3173; x_wconf 91' lang='grc'><strong>1.</strong></span> <span class='ocrx_word' id='word_1_268' title='bbox 1046 3115 1082 3173; x_wconf 90' lang='grc'><strong>(16</strong></span> <span class='ocrx_word' id='word_1_269' title='bbox 1104 3122 1177 3188; x_wconf 73' lang='lat' dir='ltr'><strong>part,</strong></span> <span class='ocrx_word' id='word_1_270' title='bbox 1201 3115 1263 3174; x_wconf 89' lang='grc'><strong>611.</strong></span> <span class='ocrx_word' id='word_1_271' title='bbox 1281 3116 1387 3190; x_wconf 83' lang='lat' dir='ltr'><strong>degon.</strong></span> 
     </span>
     <span class='ocr_line' id='line_1_28' title="bbox 238 3213 1389 3291; baseline 0.001 -18"><span class='ocrx_word' id='word_1_272' title='bbox 238 3216 316 3286; x_wconf 91' lang='lat' dir='ltr'><strong>loco,</strong></span> <span class='ocrx_word' id='word_1_273' title='bbox 339 3216 374 3273; x_wconf 91' lang='grc'><strong>61.</strong></span> <span class='ocrx_word' id='word_1_274' title='bbox 398 3216 513 3274; x_wconf 88' lang='lat' dir='ltr'><strong>Passeri</strong></span> <span class='ocrx_word' id='word_1_275' title='bbox 536 3217 645 3276; x_wconf 85' lang='grc'><strong>166666</strong></span> <span class='ocrx_word' id='word_1_276' title='bbox 668 3216 776 3291; x_wconf 90' lang='grc'><strong>116661.</strong></span> <span class='ocrx_word' id='word_1_277' title='bbox 801 3216 838 3274; x_wconf 88' lang='grc'><strong>16</strong></span> <span class='ocrx_word' id='word_1_278' title='bbox 861 3217 923 3274; x_wconf 93' lang='lat' dir='ltr'><strong>ord.</strong></span> <span class='ocrx_word' id='word_1_279' title='bbox 947 3213 1047 3275; x_wconf 88' lang='lat' dir='ltr'><strong>libror.</strong></span> <span class='ocrx_word' id='word_1_280' title='bbox 1067 3223 1159 3276; x_wconf 89' lang='lat' dir='ltr'><strong>natur.</strong></span> <span class='ocrx_word' id='word_1_281' title='bbox 1174 3233 1210 3276; x_wconf 87' lang='lat' dir='ltr'><strong>ex</strong></span> <span class='ocrx_word' id='word_1_282' title='bbox 1221 3217 1389 3277; x_wconf 90' lang='lat' dir='ltr'><strong>lectionibus</strong></span> 
     </span>
     <span class='ocr_line' id='line_1_29' title="bbox 239 3315 1389 3394; baseline 0 -18"><span class='ocrx_word' id='word_1_283' title='bbox 239 3317 305 3376; x_wconf 91' lang='grc'><strong>6166</strong></span> <span class='ocrx_word' id='word_1_284' title='bbox 328 3327 464 3392; x_wconf 91' lang='lat' dir='ltr'><strong>excerpta</strong></span> <span class='ocrx_word' id='word_1_285' title='bbox 486 3319 515 3376; x_wconf 93' lang='lat' dir='ltr'><strong>in</strong></span> <span class='ocrx_word' id='word_1_286' title='bbox 539 3321 585 3378; x_wconf 90' lang='lat' dir='ltr'><strong>ed.</strong></span> <span class='ocrx_word' id='word_1_287' title='bbox 610 3318 709 3378; x_wconf 84' lang='lat' dir='ltr'><strong>Avcrr.</strong></span> <span class='ocrx_word' id='word_1_288' title='bbox 727 3319 771 3391; x_wconf 90' lang='lat' dir='ltr'><strong>Vl,</strong></span> <span class='ocrx_word' id='word_1_289' title='bbox 789 3315 818 3390; x_wconf 86' lang='lat'><strong>1,</strong></span> <span class='ocrx_word' id='word_1_290' title='bbox 840 3318 895 3377; x_wconf 90' lang='lat' dir='ltr'><strong>lul.</strong></span> <span class='ocrx_word' id='word_1_291' title='bbox 920 3319 1033 3387; x_wconf 59' lang='lat' dir='ltr'><strong>Pacius,</strong></span> <span class='ocrx_word' id='word_1_292' title='bbox 1047 3319 1077 3377; x_wconf 91' lang='lat' dir='ltr'><strong>in</strong></span> <span class='ocrx_word' id='word_1_293' title='bbox 1100 3320 1190 3393; x_wconf 85' lang='lat' dir='ltr'><strong>prael.</strong></span> <span class='ocrx_word' id='word_1_294' title='bbox 1214 3321 1389 3394; x_wconf 88' lang='grc'><strong>6161666.</strong></span> 
     </span>
     <span class='ocr_line' id='line_1_30' title="bbox 239 3416 1391 3500; baseline 0.001 -21"><span class='ocrx_word' id='word_1_295' title='bbox 239 3420 324 3480; x_wconf 79' lang='lat' dir='ltr'><strong>Arist.</strong></span> <span class='ocrx_word' id='word_1_296' title='bbox 349 3416 443 3493; x_wconf 78' lang='lat'><strong>1597,</strong></span> <span class='ocrx_word' id='word_1_297' title='bbox 467 3421 637 3481; x_wconf 80' lang='grc'><strong>11166661.</strong></span> <span class='ocrx_word' id='word_1_298' title='bbox 660 3436 684 3479; x_wconf 90' lang='grc'><strong>6.</strong></span> <span class='ocrx_word' id='word_1_299' title='bbox 707 3438 735 3495; x_wconf 91' lang='grc'><strong>6.</strong></span> <span class='ocrx_word' id='word_1_300' title='bbox 752 3417 891 3490; x_wconf 83' lang='grc'><strong>84-90,</strong></span> <span class='ocrx_word' id='word_1_301' title='bbox 921 3421 1083 3481; x_wconf 88' lang='lat' dir='ltr'><strong>Schneider</strong></span> <span class='ocrx_word' id='word_1_302' title='bbox 1104 3423 1182 3481; x_wconf 84' lang='lat' dir='ltr'><strong>Titne</strong></span> <span class='ocrx_word' id='word_1_303' title='bbox 1205 3420 1326 3500; x_wconf 80' lang='lat' dir='ltr'><strong>aliique)</strong></span> <span class='ocrx_word' id='word_1_304' title='bbox 1353 3421 1391 3480; x_wconf 91' lang='lat' dir='ltr'><strong>le·</strong></span> 
     </span>
     <span class='ocr_line' id='line_1_31' title="bbox 239 3521 1390 3598; baseline -0.001 -16"><span class='ocrx_word' id='word_1_305' title='bbox 239 3523 377 3598; x_wconf 82' lang='lat' dir='ltr'><strong>gentihus</strong></span> <span class='ocrx_word' id='word_1_306' title='bbox 411 3522 461 3598; x_wconf 82' lang='lat' dir='ltr'><strong>(ita</strong></span> <span class='ocrx_word' id='word_1_307' title='bbox 484 3524 628 3584; x_wconf 88' lang='lat' dir='ltr'><strong>Furianus</strong></span> <span class='ocrx_word' id='word_1_308' title='bbox 649 3524 740 3597; x_wconf 89' lang='lat' dir='ltr'><strong>prael.</strong></span> <span class='ocrx_word' id='word_1_309' title='bbox 764 3541 792 3598; x_wconf 88' lang='lat' dir='ltr'><strong>p.</strong></span> <span class='ocrx_word' id='word_1_310' title='bbox 811 3521 955 3585; x_wconf 44' lang='grc'><strong>13-’20</strong></span> <span class='ocrx_word' id='word_1_311' title='bbox 973 3521 1023 3584; x_wconf 84' lang='grc'><strong>23.</strong></span> <span class='ocrx_word' id='word_1_312' title='bbox 1041 3521 1091 3584; x_wconf 82' lang='grc'><strong>25.</strong></span> <span class='ocrx_word' id='word_1_313' title='bbox 1127 3525 1162 3584; x_wconf 89' lang='grc'><strong>61.</strong></span> <span class='ocrx_word' id='word_1_314' title='bbox 1192 3525 1301 3598; x_wconf 87' lang='grc'><strong>116661.</strong></span> <span class='ocrx_word' id='word_1_315' title='bbox 1331 3523 1390 3582; x_wconf 89' lang='grc'><strong>6166</strong></span> 
     </span>
     <span class='ocr_line' id='line_1_32' title="bbox 239 3624 1393 3705; baseline -0.002 -19"><span class='ocrx_word' id='word_1_316' title='bbox 239 3627 393 3702; x_wconf 87' lang='lat' dir='ltr'><strong>repetitam</strong></span> <span class='ocrx_word' id='word_1_317' title='bbox 416 3644 433 3685; x_wconf 95' lang='grc'><strong>6</strong></span> <span class='ocrx_word' id='word_1_318' title='bbox 457 3627 636 3686; x_wconf 89' lang='lat' dir='ltr'><strong>Schneidero</strong></span> <span class='ocrx_word' id='word_1_319' title='bbox 659 3627 678 3684; x_wconf 93' lang='lat' dir='ltr'><strong>l.</strong></span> <span class='ocrx_word' id='word_1_320' title='bbox 703 3643 728 3685; x_wconf 91' lang='grc'><strong>6.</strong></span> <span class='ocrx_word' id='word_1_321' title='bbox 752 3624 981 3705; x_wconf 87' lang='grc'><strong>6100-113)</strong></span> <span class='ocrx_word' id='word_1_322' title='bbox 1005 3644 1093 3701; x_wconf 92' lang='lat' dir='ltr'><strong>quem</strong></span> <span class='ocrx_word' id='word_1_323' title='bbox 1117 3627 1250 3687; x_wconf 89' lang='lat' dir='ltr'><strong>ordinem</strong></span> <span class='ocrx_word' id='word_1_324' title='bbox 1265 3626 1393 3702; x_wconf 85' lang='lat' dir='ltr'><strong>probavit</strong></span> 
     </span>
     <span class='ocr_line' id='line_1_33' title="bbox 240 3728 1392 3808; baseline -0.001 -21"><span class='ocrx_word' id='word_1_325' title='bbox 240 3730 368 3788; x_wconf 89' lang='lat' dir='ltr'><strong>Graecos</strong></span> <span class='ocrx_word' id='word_1_326' title='bbox 402 3729 466 3786; x_wconf 91' lang='lat' dir='ltr'><strong>sine</strong></span> <span class='ocrx_word' id='word_1_327' title='bbox 500 3728 590 3786; x_wconf 90' lang='lat' dir='ltr'><strong>dubio</strong></span> <span class='ocrx_word' id='word_1_328' title='bbox 624 3729 799 3804; x_wconf 84' lang='lat' dir='ltr'><strong>interpretes</strong></span> <span class='ocrx_word' id='word_1_329' title='bbox 838 3731 885 3808; x_wconf 84' lang='lat' dir='ltr'><strong>(ol.</strong></span> <span class='ocrx_word' id='word_1_330' title='bbox 917 3729 1080 3804; x_wconf 85' lang='lat' dir='ltr'><strong>Olympiod.</strong></span> <span class='ocrx_word' id='word_1_331' title='bbox 1111 3729 1141 3788; x_wconf 94' lang='lat' dir='ltr'><strong>in</strong></span> <span class='ocrx_word' id='word_1_332' title='bbox 1168 3730 1287 3788; x_wconf 77' lang='lat' dir='ltr'><strong>Meteon.</strong></span> <span class='ocrx_word' id='word_1_333' title='bbox 1321 3731 1351 3788; x_wconf 86' lang='lat' dir='ltr'><strong>T.</strong></span> <span class='ocrx_word' id='word_1_334' title='bbox 1371 3729 1392 3786; x_wconf 94' lang='lat' dir='ltr'><strong>ll</strong></span> 
     </span>
     <span class='ocr_line' id='line_1_34' title="bbox 239 3827 1392 3920; baseline -0.001 -32"><span class='ocrx_word' id='word_1_335' title='bbox 239 3848 267 3905; x_wconf 91' lang='lat' dir='ltr'><strong>p.</strong></span> <span class='ocrx_word' id='word_1_336' title='bbox 284 3827 415 3901; x_wconf 86' lang='grc'><strong>16811,</strong></span> <span class='ocrx_word' id='word_1_337' title='bbox 439 3831 630 3891; x_wconf 86' lang='lat' dir='ltr'><strong>Pseudoalex.</strong></span> <span class='ocrx_word' id='word_1_338' title='bbox 648 3833 716 3920; x_wconf 85' lang='lat' dir='ltr'><strong>ihid.</strong></span> <span class='ocrx_word' id='word_1_339' title='bbox 733 3851 761 3908; x_wconf 97' lang='grc'><strong>6.</strong></span> <span class='ocrx_word' id='word_1_340' title='bbox 779 3829 854 3910; x_wconf 85' lang='grc'><strong>236)</strong></span> <span class='ocrx_word' id='word_1_341' title='bbox 879 3838 999 3891; x_wconf 87' lang='grc'><strong>6666166</strong></span> <span class='ocrx_word' id='word_1_342' title='bbox 1022 3828 1167 3890; x_wconf 83' lang='lat' dir='ltr'><strong>dvcrroes</strong></span> <span class='ocrx_word' id='word_1_343' title='bbox 1191 3832 1228 3890; x_wconf 90' lang='lat' dir='ltr'><strong>ad</strong></span> <span class='ocrx_word' id='word_1_344' title='bbox 1249 3831 1392 3891; x_wconf 87' lang='lat' dir='ltr'><strong>Meteor.l</strong></span> 
     </span>
     <span class='ocr_line' id='line_1_35' title="bbox 239 3931 1390 4010; baseline -0.003 -18"><span class='ocrx_word' id='word_1_345' title='bbox 239 3933 277 3992; x_wconf 92' lang='lat' dir='ltr'><strong>iu.</strong></span> <span class='ocrx_word' id='word_1_346' title='bbox 302 3932 377 4006; x_wconf 92' lang='grc'><strong>066.</strong></span> <span class='ocrx_word' id='word_1_347' title='bbox 394 3932 426 4002; x_wconf 89' lang='lat' dir='ltr'><strong>V,</strong></span> <span class='ocrx_word' id='word_1_348' title='bbox 443 3933 506 3994; x_wconf 74' lang='lat'><strong>404</strong></span> <span class='ocrx_word' id='word_1_349' title='bbox 530 3931 579 4010; x_wconf 90' lang='grc'><strong>(16</strong></span> <span class='ocrx_word' id='word_1_350' title='bbox 602 3936 745 3994; x_wconf 88' lang='grc'><strong>666166116</strong></span> <span class='ocrx_word' id='word_1_351' title='bbox 768 3934 882 3994; x_wconf 85' lang='lat' dir='ltr'><strong>Alkiudi</strong></span> <span class='ocrx_word' id='word_1_352' title='bbox 907 3935 955 4008; x_wconf 93' lang='lat' dir='ltr'><strong>qui</strong></span> <span class='ocrx_word' id='word_1_353' title='bbox 978 3940 1132 3993; x_wconf 86' lang='lat' dir='ltr'><strong>tractatum</strong></span> <span class='ocrx_word' id='word_1_354' title='bbox 1155 3933 1274 4008; x_wconf 88' lang='lat' dir='ltr'><strong>scripsit</strong></span> <span class='ocrx_word' id='word_1_355' title='bbox 1297 3935 1332 3993; x_wconf 89' lang='lat' dir='ltr'><strong>de</strong></span> <span class='ocrx_word' id='word_1_356' title='bbox 1346 3933 1390 3992; x_wconf 81' lang='lat' dir='ltr'><strong>Ar.</strong></span> 
     </span>
     <span class='ocr_line' id='line_1_36' title="bbox 239 4033 1392 4114; baseline 0 -20"><span class='ocrx_word' id='word_1_357' title='bbox 239 4035 379 4094; x_wconf 87' lang='lat' dir='ltr'><strong>librorum</strong></span> <span class='ocrx_word' id='word_1_358' title='bbox 404 4037 516 4109; x_wconf 90' lang='lat' dir='ltr'><strong>ordine,</strong></span> <span class='ocrx_word' id='word_1_359' title='bbox 540 4039 575 4097; x_wconf 88' lang='grc'><strong>61.</strong></span> <span class='ocrx_word' id='word_1_360' title='bbox 600 4039 692 4098; x_wconf 87' lang='lat' dir='ltr'><strong>Casiri</strong></span> <span class='ocrx_word' id='word_1_361' title='bbox 708 4037 738 4111; x_wconf 84' lang='lat'><strong>1,</strong></span> <span class='ocrx_word' id='word_1_362' title='bbox 755 4035 827 4109; x_wconf 87' lang='lat'><strong>353,</strong></span> <span class='ocrx_word' id='word_1_363' title='bbox 852 4037 924 4096; x_wconf 92' lang='lat' dir='ltr'><strong>nihil</strong></span> <span class='ocrx_word' id='word_1_364' title='bbox 947 4043 1128 4112; x_wconf 89' lang='lat' dir='ltr'><strong>compertum</strong></span> <span class='ocrx_word' id='word_1_365' title='bbox 1151 4033 1219 4114; x_wconf 89' lang='grc'><strong>661).</strong></span> <span class='ocrx_word' id='word_1_366' title='bbox 1264 4036 1392 4096; x_wconf 77' lang='lat' dir='ltr'><strong>Attamen</strong></span> 
     </span>
     <span class='ocr_line' id='line_1_37' title="bbox 240 4137 1391 4214; baseline -0.001 -19"><span class='ocrx_word' id='word_1_367' title='bbox 240 4154 331 4213; x_wconf 91' lang='lat' dir='ltr'><strong>quum</strong></span> <span class='ocrx_word' id='word_1_368' title='bbox 358 4138 420 4197; x_wconf 88' lang='lat' dir='ltr'><strong>lieri</strong></span> <span class='ocrx_word' id='word_1_369' title='bbox 448 4141 557 4214; x_wconf 91' lang='lat' dir='ltr'><strong>possit,</strong></span> <span class='ocrx_word' id='word_1_370' title='bbox 590 4148 623 4199; x_wconf 84' lang='lat' dir='ltr'><strong>ut</strong></span> <span class='ocrx_word' id='word_1_371' title='bbox 650 4149 679 4200; x_wconf 91' lang='lat' dir='ltr'><strong>ct</strong></span> <span class='ocrx_word' id='word_1_372' title='bbox 700 4141 730 4200; x_wconf 92' lang='lat' dir='ltr'><strong>in</strong></span> <span class='ocrx_word' id='word_1_373' title='bbox 754 4139 886 4200; x_wconf 82' lang='lat' dir='ltr'><strong>clausula</strong></span> <span class='ocrx_word' id='word_1_374' title='bbox 913 4139 961 4198; x_wconf 92' lang='lat' dir='ltr'><strong>illa</strong></span> <span class='ocrx_word' id='word_1_375' title='bbox 987 4138 1053 4198; x_wconf 89' lang='lat' dir='ltr'><strong>libri</strong></span> <span class='ocrx_word' id='word_1_376' title='bbox 1077 4137 1170 4212; x_wconf 89' lang='lat' dir='ltr'><strong>quarti</strong></span> <span class='ocrx_word' id='word_1_377' title='bbox 1194 4139 1231 4196; x_wconf 92' lang='grc'><strong>16</strong></span> <span class='ocrx_word' id='word_1_378' title='bbox 1252 4147 1326 4212; x_wconf 80' lang='lat' dir='ltr'><strong>part</strong></span> <span class='ocrx_word' id='word_1_379' title='bbox 1349 4154 1391 4196; x_wconf 90' lang='lat' dir='ltr'><strong>an.</strong></span> 
     </span>
     <span class='ocr_line' id='line_1_38' title="bbox 239 4230 1393 4325; baseline -0.003 -25"><span class='ocrx_word' id='word_1_380' title='bbox 239 4258 294 4315; x_wconf 89' lang='lat' dir='ltr'><strong>pro</strong></span> <span class='ocrx_word' id='word_1_381' title='bbox 317 4234 461 4322; x_wconf 75' lang='grc' dir='ltr'><strong><em>γενέσεις</em></strong></span> <span class='ocrx_word' id='word_1_382' title='bbox 484 4242 706 4302; x_wconf 84' lang='lat' dir='ltr'><strong>rescribendum</strong></span> <span class='ocrx_word' id='word_1_383' title='bbox 730 4242 768 4302; x_wconf 93' lang='lat' dir='ltr'><strong>sit</strong></span> <span class='ocrx_word' id='word_1_384' title='bbox 790 4230 935 4325; x_wconf 84' lang='grc' dir='ltr'><strong><em>κινήσεις</em></strong></span> <span class='ocrx_word' id='word_1_385' title='bbox 957 4257 1024 4298; x_wconf 92' lang='lat' dir='ltr'><strong>cum</strong></span> <span class='ocrx_word' id='word_1_386' title='bbox 1047 4241 1201 4300; x_wconf 88' lang='lat' dir='ltr'><strong>Theodoro</strong></span> <span class='ocrx_word' id='word_1_387' title='bbox 1218 4241 1294 4300; x_wconf 88' lang='lat' dir='ltr'><strong>Gaza</strong></span> <span class='ocrx_word' id='word_1_388' title='bbox 1309 4241 1393 4300; x_wconf 88' lang='lat' dir='ltr'><strong>iuter·</strong></span> 
     </span>
     <span class='ocr_line' id='line_1_39' title="bbox 239 4343 1393 4424; baseline -0.003 -21"><span class='ocrx_word' id='word_1_389' title='bbox 239 4350 321 4419; x_wconf 90' lang='lat' dir='ltr'><strong>prete</strong></span> <span class='ocrx_word' id='word_1_390' title='bbox 344 4345 443 4419; x_wconf 88' lang='lat' dir='ltr'><strong>latino,</strong></span> <span class='ocrx_word' id='word_1_391' title='bbox 467 4345 517 4424; x_wconf 91' lang='lat' dir='ltr'><strong>qui</strong></span> <span class='ocrx_word' id='word_1_392' title='bbox 540 4345 593 4408; x_wconf 86' lang='lat' dir='ltr'><strong>ita:</strong></span> <span class='ocrx_word' id='word_1_393' title='bbox 618 4345 697 4418; x_wconf 86' lang='lat' dir='ltr'><strong>„Sed</strong></span> <span class='ocrx_word' id='word_1_394' title='bbox 722 4347 758 4405; x_wconf 90' lang='lat' dir='ltr'><strong>de</strong></span> <span class='ocrx_word' id='word_1_395' title='bbox 781 4347 913 4422; x_wconf 79' lang='lat' dir='ltr'><strong>partibus</strong></span> <span class='ocrx_word' id='word_1_396' title='bbox 936 4343 1105 4403; x_wconf 86' lang='lat' dir='ltr'><strong>animalium</strong></span> <span class='ocrx_word' id='word_1_397' title='bbox 1121 4360 1209 4420; x_wconf 88' lang='lat' dir='ltr'><strong>quam</strong></span> <span class='ocrx_word' id='word_1_398' title='bbox 1225 4344 1263 4402; x_wconf 91' lang='lat' dir='ltr'><strong>oh</strong></span> <span class='ocrx_word' id='word_1_399' title='bbox 1279 4357 1393 4403; x_wconf 88' lang='lat' dir='ltr'><strong>causam</strong></span> 
     </span>
     <span class='ocr_line' id='line_1_40' title="bbox 241 4447 1393 4526; baseline -0.003 -19"><span class='ocrx_word' id='word_1_400' title='bbox 241 4463 375 4524; x_wconf 81' lang='lat' dir='ltr'><strong>quaeque</strong></span> <span class='ocrx_word' id='word_1_401' title='bbox 403 4449 475 4525; x_wconf 88' lang='lat' dir='ltr'><strong>sint,</strong></span> <span class='ocrx_word' id='word_1_402' title='bbox 503 4449 613 4509; x_wconf 86' lang='lat' dir='ltr'><strong>dictum</strong></span> <span class='ocrx_word' id='word_1_403' title='bbox 639 4449 697 4511; x_wconf 88' lang='lat' dir='ltr'><strong>iam</strong></span> <span class='ocrx_word' id='word_1_404' title='bbox 724 4455 769 4509; x_wconf 91' lang='grc'><strong>661</strong></span> <span class='ocrx_word' id='word_1_405' title='bbox 795 4463 849 4526; x_wconf 90' lang='lat' dir='ltr'><strong>per</strong></span> <span class='ocrx_word' id='word_1_406' title='bbox 870 4447 969 4509; x_wconf 83' lang='lat' dir='ltr'><strong>omnis</strong></span> <span class='ocrx_word' id='word_1_407' title='bbox 990 4447 1159 4509; x_wconf 85' lang='lat' dir='ltr'><strong>animalium</strong></span> <span class='ocrx_word' id='word_1_408' title='bbox 1182 4449 1299 4524; x_wconf 82' lang='lat' dir='ltr'><strong>genera,</strong></span> <span class='ocrx_word' id='word_1_409' title='bbox 1323 4459 1393 4520; x_wconf 85' lang='lat' dir='ltr'><strong>quae</strong></span> 
     </span>
    </p>
   </div>
   <div class='ocr_carea' id='block_1_3' title="bbox 0 0 1522 5156">
    <p class='ocr_par' dir='ltr' id='par_1_4' title="bbox 0 0 1522 5156">
     <span class='ocr_line' id='line_1_41' title="bbox 0 0 1522 5156; baseline 0 0"><span class='ocrx_word' id='word_1_410' title='bbox 0 0 1522 5156; x_wconf 95' lang='lat' dir='ltr'><strong> </strong></span> 
     </span>
    </p>
   </div>
  </div>
 </body>
</html>
