3072 5164
670 373 709 432 41

112 537 233 596 licetet
256 541 376 599 5555551
400 549 466 616 post
489 542 555 600 Chr.
580 543 671 600 seculi
704 559 763 616 qno
791 545 916 604 maxime
944 547 1066 606 llorebat
1089 555 1266 606 commenta-

112 639 224 698 riorum
247 640 296 699 illa
319 643 399 701 mixti
422 643 585 716 argumenti
608 645 727 718 scriptio
741 654 768 704 ct
785 649 906 706 conlusa
922 649 1065 720 quaedam
1080 647 1266 722 polymathia,

113 742 194 799 velut
217 757 233 800 e
256 743 435 816 Myronium,
458 744 607 818 Pamphila
631 748 721 818 (quae
745 755 881 822 suspecta
904 763 962 805 sec.
988 749 1068 807 Suid.
1093 747 1128 806 51.
1143 749 1266 808 Gellium

113 839 166 914 15,
182 840 233 902 17.
251 841 292 903 23
305 853 358 904 515.
376 846 602 904 commentarios
619 847 809 922 quadraginta
823 857 883 907 tres
899 855 1134 908 contexuerat
1150 849 1268 908 nomine

114 946 194 1016 quod
218 948 372 1020 arrogabat
397 949 528 1022 prolecto
551 963 611 1006 non
634 947 753 1023 indigna
776 950 811 1006 51.
835 948 921 1006 Arist.
945 949 1012 1006 hist.
1037 946 1268 1034 annotato),

114 1045 224 1103 Sabino
248 1049 295 1119 (D.
312 1033 344 1106 1.
361 1047 390 1122 3,
405 1049 447 1109 47
470 1051 506 1108 cl.
531 1050 612 1108 Suid.
629 1067 653 1108 s.
669 1051 723 1122 5.),
747 1051 872 1108 fortasse
894 1049 1065 1108 Dioscuride
1087 1050 1133 1124 (1,
1151 1049 1217 1125 63),
1241 1061 1270 1111 51

113 1161 175 1219 555
198 1149 330 1208 omnium
352 1151 477 1210 maxime
501 1167 574 1210 usus
598 1159 642 1210 cst
664 1150 806 1209 Favorino
830 1151 913 1209 Gellii
937 1151 1078 1209 familiari.
1114 1152 1204 1211 Cuius
1227 1155 1269 1212 rei

113 1248 180 1321 ipso
203 1249 349 1324 Diogenes
373 1253 506 1325 exempla
529 1252 696 1326 suppeditat
718 1251 867 1325 Hermippi
891 1249 936 1325 (5,
951 1250 992 1309 41
1010 1251 1045 1310 51.
1063 1250 1182 1326 1,106)
1198 1255 1269 1312 1155-

109 1350 261 1409 tosthenis
295 1348 345 1425 (8,
370 1350 431 1426 lt)
466 1369 481 1412 e
511 1353 668 1425 Favorino,
701 1353 870 1427 Apollodori
905 1350 954 1426 (8,
975 1351 1037 1426 90)
1074 1369 1091 1412 5
1122 1355 1268 1414 Demetrio

114 1450 284 1524 citatorum;
312 1453 347 1510 cl.
371 1462 522 1526 praeterea
548 1471 623 1528 quae
645 1453 814 1514 verisimilia
842 1461 911 1512 sunt
933 1454 1018 1512 Arist.
1047 1469 1084 1512 ex
1104 1455 1270 1516 Alexandro

114 1549 161 1624 (8,
178 1549 249 1625 36),
282 1553 451 1628 Apollodor.
484 1572 500 1613 c
527 1555 627 1614 Fauor.
657 1555 702 1630 (9,
723 1554 794 1628 50),
828 1555 1005 1629 Antigonum
1037 1556 1199 1632 Carystinm
1235 1575 1271 1617 ex

115 1653 292 1727 Apollonide
326 1653 371 1728 (9,
388 1653 507 1730 11055.
532 1657 567 1715 cl.
585 1655 677 1730 109),
711 1657 911 1715 Antisthenem
940 1673 957 1715 e
984 1658 1130 1716 Demetrio
1156 1658 1202 1731 (9,
1219 1649 1268 1718 27.

115 1751 167 1814 35.
185 1753 225 1815 39
238 1756 300 1828 55.)
323 1755 426 1816 5115155
439 1766 492 1816 515.
536 1759 606 1816 1555
629 1775 703 1833 5555
727 1774 815 1831 saepe
838 1757 894 1816 sibi
910 1759 1099 1832 repugnantia
1116 1761 1166 1833 (cl.
1184 1757 1213 1832 7,
1230 1755 1271 1820 43

75 1921 77 1926 ,
116 1851 190 1926 518,
207 1851 330 1930 55515.)
353 1860 442 1919 relect
464 1875 624 1933 numquam
646 1841 793 1933 15551555
815 1858 958 1930 indicano,
981 1859 1049 1918 inde
1072 1861 1145 1917 illud
1167 1861 1197 1918 in
1220 1863 1271 1920 ad-

116 1957 253 2017 hiheudis
285 1961 487 2036 eligendisque
520 1961 649 2020 lontibus
682 1958 842 2017 arbitrium.
892 1959 940 2016 Sic
966 1975 1020 2033 por
1044 1967 1138 2019 totum
1164 1961 1271 2019 librum
1357 1991 1359 1998 ι

116 2059 277 2133 scriptores
299 2063 495 2138 homonymos
517 2079 583 2122 cum
606 2059 803 2134 biographicis
826 2059 994 2134 criticisque
1016 2061 1115 2120 multis
1138 2061 1271 2122 5111555-

116 2178 183 2220 rum
205 2163 296 2222 initiis
318 2179 354 2221 ex
377 2153 526 2223 Demetrio
545 2163 695 2238 Magnesio
719 2161 869 2219 Ciceronis
896 2162 1010 2234 aequali
1033 2163 1169 2236 apposuit
1190 2163 1271 2223 illum

117 2277 236 2337 semper
257 2264 345 2323 citare
368 2267 577 2340 supersedens,
600 2279 760 2338 numquam
783 2269 881 2320 tamen
904 2263 978 2320 ultra
990 2263 1127 2322 Demetrii
1150 2272 1273 2324 aetatem

117 2366 148 2423 in
170 2368 353 2424 recensendo
376 2383 553 2442 progressus
577 2381 668 2441 quum
694 2364 759 2438 ipse
785 2363 861 2422 tertii
886 2363 951 2421 Chr.
979 2365 1072 2422 seculi
1095 2365 1177 2424 initio
1201 2367 1272 2425 scri-

116 2465 210 2524 beret.
255 2467 314 2525 Nec
336 2470 429 2542 magis
457 2485 531 2528 suus
558 2467 659 2527 estin
686 2465 800 2540 placitis
827 2465 1069 2539 philosophorum
1093 2469 1272 2528 enarrandis.

118 2568 191 2626 Nam
214 2569 430 2628 Socraticorum
452 2569 558 2644 placita
580 2576 609 2628 et
630 2576 794 2626 ceterorum
822 2574 888 2625 ante
910 2567 1061 2626 Platonem
1083 2567 1274 2644 philosopho-

119 2685 186 2728 rum
219 2685 256 2728 ex
289 2671 432 2745 scriptore
470 2671 568 2730 hausit
600 2670 650 2743 551
685 2667 800 2727 Stoicos
839 2667 1024 2741 potissimum
1061 2677 1196 2729 auctores
1228 2673 1274 2730 rel

118 2772 309 2830 Academicos
343 2781 442 2832 vetera
473 2772 593 2848 propria
622 2771 733 2828 ratione
761 2785 956 2842 sermoneque
983 2770 1103 2843 proprio
1131 2771 1275 2846 interpre-

118 2881 215 2932 tantes
238 2881 359 2932 secutus
381 2873 428 2946 sit,
445 2857 532 2932 'velut
553 2871 583 2930 in
598 2872 635 2930 iis
652 2886 726 2946 quae
743 2871 780 2928 do
796 2869 867 2928 solis
883 2869 1109 2944 Cyrenaicorum
1122 2863 1275 2932 sententiis

121 2974 242 3033 uhcrins
266 2975 384 3033 exhibet
405 2975 437 3032 D.
454 2976 486 3033 L.
504 2973 533 3046 2,
549 2969 675 3033 86-99
698 2972 868 3030 Panaetium
894 2963 929 3031 ἐν
950 2965 1094 3053 epicopi
1116 2962 1276 3064 51555555

121 3076 168 3150 (2,
188 3073 256 3148 87).
302 3075 434 3135 Stoicum
462 3075 548 3134 etiam
576 3074 694 3148 sapiunt
721 3091 796 3148 quae
820 3075 856 3133 de
879 3072 999 3131 Euclide
1018 3071 1117 3147 2,107
1139 3075 1226 3134 tradit
1248 3083 1277 3134 ct

121 3193 196 3252 quae
220 3179 257 3236 de
279 3177 465 3252 Empedoclis
488 3184 517 3235 et
538 3175 674 3235 Heracliti
697 3175 829 3235 doctrina
852 3175 902 3246 (51.
920 3175 999 3233 Sext.
1015 3175 1163 3248 oiston),
1187 3177 1276 3236 etde

120 3279 338 3338 Anaximandro
358 3277 495 3350 2,1515.
541 3278 582 3336 115
605 3277 799 3352 Xenophanis·
823 3275 867 3349 (9,
884 3273 924 3334 19
937 3277 998 3350 55.)
1026 3283 1055 3334 51
1075 3276 1208 3336 Archelai
1231 3277 1275 3351 (2,

123 3379 165 3440 16
178 3382 239 3454 55.)
266 3379 381 3455 51551115
409 3380 461 3453 (51.
486 3379 522 3438 de
544 3380 662 3438 Thalete
678 3377 707 3453 1,
724 3379 773 3437 al.
798 3379 834 3436 de
845 3377 1017 3435 Antisthene
1034 3375 1062 3450 6,
1079 3376 1115 3451 3)
1138 3395 1211 3437 5555
1236 3383 1277 3437 vl-

124 3484 209 3542 detur
235 3481 393 3554 Favorino,
424 3497 459 3539 ex
487 3497 545 3554 quo
574 3481 649 3540 solet
677 3481 822 3554 Diogenes
850 3479 1017 3536 exscribere
1045 3495 1120 3551 quae
1147 3481 1278 3554 philoso-

123 3587 251 3658 phorum
273 3572 442 3664 εὗρήματα
468 3582 595 3641 breviter
620 3582 669 3640 ille
692 3581 839 3654 similique
866 3579 954 3636 modo
978 3580 1121 3639 enarravit
1143 3583 1173 3639 in
1195 3583 1278 3642 libris

124 3681 347 3768 παντοδαπῆς
376 3675 523 3768 ἴστορίας
549 3686 584 3742 cl.
607 3684 637 3756 2,
654 3681 683 3742 l..
700 3684 729 3755 2,
746 3680 796 3740 11.
813 3681 843 3754 2,
859 3679 909 3740 20.
927 3677 957 3751 3,
973 3679 1015 3738 24
1027 3695 1071 3754 55.
1089 3678 1118 3756 5,
1134 3681 1163 3743 9.
1180 3681 1210 3758 8,’
1226 3683 1277 3743 12.

121 3786 153 3861 8,
169 3785 214 3848 to
228 3789 279 3861 (el.
292 3786 360 3862 47),
375 3786 406 3860 8,
422 3785 473 3848 83.
490 3786 519 3860 9,
533 3785 574 3846 23
589 3787 625 3844 51.
639 3784 679 3846 29
693 3781 738 3858 (8,
752 3781 818 3856 lt),
848 3781 955 3856 quibus
982 3782 1055 3840 locis
1084 3799 1120 3842 ex
1146 3786 1278 3860 analogia

124 3889 252 3950 addendi
287 3898 356 3948 sunt
387 3891 417 3947 hi
440 3889 470 3961 1,
488 3889 538 3947 al.
564 3887 594 3962 1,
607 3885 647 3948 57
661 3903 704 3960 55.
728 3883 872 3959 21655.
893 3881 923 3954 8,
937 3881 987 3942 14.
1011 3881 1042 3956 8,
1054 3881 1105 3945 83.
1129 3884 1160 3960 8,
1173 3885 1224 3948 85.
1248 3887 1278 3959 9,

124 3987 252 4052 51-54
265 3997 318 4049 515.
343 3991 519 4067 Cynicorum
541 3988 636 4074 κοινῇ
655 3978 837 4070 ἀρέσκοντα
860 3983 1076 4058 6,103-105
1100 3987 1150 4060 (51.
1175 3989 1280 4047 deAn-

124 4095 254 4153 tistheue
277 4092 455 4165 6,10-13,
479 4095 516 4152 de
538 4093 668 4166 Diogene
691 4089 720 4162 6,
733 4085 875 4160 7οω73)
899 4103 915 4145 e
938 4087 1036 4146 Diocle
1059 4088 1109 4161 (51.
1134 4087 1163 4160 6,
1181 4088 1221 4146 12
1234 4105 1278 4162 55.

127 4193 158 4268 6,
183 4191 239 4267 36)
277 4203 374 4254 sumta
406 4186 551 4254 ridentur.
609 4195 652 4252 Ex
690 4193 746 4249 hoe
781 4173 859 4248 enim
898 4189 998 4246 Diocle
1034 4189 1181 4262 Magnesio
1214 4191 1282 4265 Epi-

127 4296 191 4354 curi
214 4297 366 4356 laudatore
388 4295 524 4370 (1011)
549 4311 607 4354 555
630 4303 728 4353 tamen
750 4292 893 4366 Epicureo
917 4289 967 4363 qui
983 4291 1146 4364 ‘scripsisse
1167 4291 1283 4352 videtur

128 4407 196 4472 post
217 4399 392 4472 Augustum,
415 4399 513 4472 paullo
537 4375 603 4458 autc
626 4396 688 4456 scil.
707 4408 794 4469 quam
807 4392 887 4452 Satio
900 4392 1015 4450 Stoicus
1026 4391 1140 4450 Tiberio
1152 4395 1283 4466 aequalis

129 4501 221 4561 libros
245 4501 346 4560 ederet
368 4490 553 4562 Διοκλείων
576 4490 713 4580 ἐλέγχων
739 4492 826 4575 (5555
850 4489 1103 4566 alternatos
1127 4494 1163 4552 de
1174 4494 1281 4554 Dioclis
