<?xml version="1.0" encoding="UTF-8"?>
<!DOCTYPE html PUBLIC "-//W3C//DTD XHTML 1.0 Transitional//EN"
    "http://www.w3.org/TR/xhtml1/DTD/xhtml1-transitional.dtd">
<html xmlns="http://www.w3.org/1999/xhtml" xml:lang="en" lang="en">
 <head>
  <title>
</title>
<meta http-equiv="Content-Type" content="text/html;charset=utf-8" />
  <meta name='ocr-system' content='tesseract 3.04.00' />
  <meta name='ocr-capabilities' content='ocr_page ocr_carea ocr_par ocr_line ocrx_word'/>
</head>
<body>
  <div class='ocr_page' id='page_1' title='image "./dearistotelisli01rosegoog_0050.png"; bbox 0 0 3072 5164; ppageno 0'>
   <div class='ocr_carea' id='block_1_1' title="bbox 645 353 687 420">
    <p class='ocr_par' dir='ltr' id='par_1_1' title="bbox 645 353 687 420">
     <span class='ocr_line' id='line_1_1' title="bbox 645 353 687 420; baseline -0.095 0"><span class='ocrx_word' id='word_1_1' title='bbox 645 353 687 420; x_wconf 73' lang='grc'><strong>43</strong></span> 
     </span>
    </p>
   </div>
   <div class='ocr_carea' id='block_1_2' title="bbox 89 522 1250 902">
    <p class='ocr_par' dir='ltr' id='par_1_2' title="bbox 89 522 1250 902">
     <span class='ocr_line' id='line_1_2' title="bbox 89 522 1246 598; baseline 0 -18"><span class='ocrx_word' id='word_1_2' title='bbox 89 537 182 598; x_wconf 77' lang='lat' dir='ltr'><strong>quem</strong></span> <span class='ocrx_word' id='word_1_3' title='bbox 210 535 277 590; x_wconf 85' lang='lat' dir='ltr'><strong>cum</strong></span> <span class='ocrx_word' id='word_1_4' title='bbox 305 522 377 582; x_wconf 82' lang='lat' dir='ltr'><strong>Gaio</strong></span> <span class='ocrx_word' id='word_1_5' title='bbox 399 537 416 580; x_wconf 86' lang='lat' dir='ltr'><strong>a</strong></span> <span class='ocrx_word' id='word_1_6' title='bbox 439 523 549 584; x_wconf 86' lang='lat' dir='ltr'><strong>Gulcno</strong></span> <span class='ocrx_word' id='word_1_7' title='bbox 576 523 677 585; x_wconf 90' lang='lat' dir='ltr'><strong>audito</strong></span> <span class='ocrx_word' id='word_1_8' title='bbox 704 529 733 581; x_wconf 88' lang='lat' dir='ltr'><strong>et</strong></span> <span class='ocrx_word' id='word_1_9' title='bbox 760 523 904 587; x_wconf 84' lang='lat' dir='ltr'><strong>Numerio</strong></span> <span class='ocrx_word' id='word_1_10' title='bbox 930 523 1007 585; x_wconf 88' lang='lat' dir='ltr'><strong>inter</strong></span> <span class='ocrx_word' id='word_1_11' title='bbox 1031 522 1246 582; x_wconf 76' lang='lat' dir='ltr'><strong>Platonicorum</strong></span> 
     </span>
     <span class='ocr_line' id='line_1_3' title="bbox 89 614 1246 706; baseline -0.003 -22"><span class='ocrx_word' id='word_1_12' title='bbox 89 614 298 706; x_wconf 68' lang='grc' dir='ltr'><strong><em>κορυφαίους</em></strong></span> <span class='ocrx_word' id='word_1_13' title='bbox 325 622 414 690; x_wconf 71' lang='lat' dir='ltr'><strong>refert</strong></span> <span class='ocrx_word' id='word_1_14' title='bbox 434 622 528 684; x_wconf 85' lang='lat' dir='ltr'><strong>Procl.</strong></span> <span class='ocrx_word' id='word_1_15' title='bbox 551 623 581 684; x_wconf 88' lang='lat' dir='ltr'><strong>in</strong></span> <span class='ocrx_word' id='word_1_16' title='bbox 604 623 716 696; x_wconf 53' lang='lat' dir='ltr'><strong>Benna-1</strong></span> <span class='ocrx_word' id='word_1_17' title='bbox 735 639 780 696; x_wconf 78' lang='lat' dir='ltr'><strong>ap.</strong></span> <span class='ocrx_word' id='word_1_18' title='bbox 804 624 868 690; x_wconf 63' lang='lat' dir='ltr'><strong>blei,</strong></span> <span class='ocrx_word' id='word_1_19' title='bbox 881 624 964 684; x_wconf 88' lang='lat' dir='ltr'><strong>Auct.</strong></span> <span class='ocrx_word' id='word_1_20' title='bbox 989 623 1080 684; x_wconf 86' lang='lat' dir='ltr'><strong>Class.</strong></span> <span class='ocrx_word' id='word_1_21' title='bbox 1097 624 1109 682; x_wconf 95' lang='lat' dir='ltr'><strong>l</strong></span> <span class='ocrx_word' id='word_1_22' title='bbox 1129 639 1158 698; x_wconf 93' lang='lat' dir='ltr'><strong>p.</strong></span> <span class='ocrx_word' id='word_1_23' title='bbox 1174 623 1246 694; x_wconf 82' lang='lat' dir='ltr'><strong>xlv,</strong></span> 
     </span>
     <span class='ocr_line' id='line_1_4' title="bbox 91 722 1247 804; baseline -0.009 -13"><span class='ocrx_word' id='word_1_24' title='bbox 91 727 184 796; x_wconf 82' lang='lat' dir='ltr'><strong>buius</strong></span> <span class='ocrx_word' id='word_1_25' title='bbox 205 725 296 800; x_wconf 83' lang='lat' dir='ltr'><strong>igitur·</strong></span> <span class='ocrx_word' id='word_1_26' title='bbox 316 723 423 784; x_wconf 86' lang='lat' dir='ltr'><strong>iutcod.</strong></span> <span class='ocrx_word' id='word_1_27' title='bbox 446 723 476 782; x_wconf 91' lang='lat' dir='ltr'><strong>iu</strong></span> <span class='ocrx_word' id='word_1_28' title='bbox 500 724 540 788; x_wconf 90' lang='lat' dir='ltr'><strong>Pl.</strong></span> <span class='ocrx_word' id='word_1_29' title='bbox 565 725 662 804; x_wconf 84' lang='lat' dir='ltr'><strong>dogm.</strong></span> <span class='ocrx_word' id='word_1_30' title='bbox 679 723 805 786; x_wconf 78' lang='lat' dir='ltr'><strong>la-ae</strong></span> <span class='ocrx_word' id='word_1_31' title='bbox 827 731 857 786; x_wconf 88' lang='lat' dir='ltr'><strong>ct</strong></span> <span class='ocrx_word' id='word_1_32' title='bbox 879 725 1034 798; x_wconf 82' lang='lat' dir='ltr'><strong>Apuleium</strong></span> <span class='ocrx_word' id='word_1_33' title='bbox 1057 726 1084 783; x_wconf 94' lang='lat' dir='ltr'><strong>d.</strong></span> <span class='ocrx_word' id='word_1_34' title='bbox 1108 727 1136 787; x_wconf 91' lang='lat' dir='ltr'><strong>d.</strong></span> <span class='ocrx_word' id='word_1_35' title='bbox 1159 725 1201 783; x_wconf 87' lang='lat' dir='ltr'><strong>Pl.</strong></span> <span class='ocrx_word' id='word_1_36' title='bbox 1218 722 1247 796; x_wconf 82' lang='grc'><strong>1,</strong></span> 
     </span>
     <span class='ocr_line' id='line_1_5' title="bbox 93 807 1250 902; baseline -0.003 -16"><span class='ocrx_word' id='word_1_37' title='bbox 93 823 210 886; x_wconf 42' lang='lat' dir='ltr'><strong>sule.</strong></span> <span class='ocrx_word' id='word_1_38' title='bbox 255 824 369 896; x_wconf 79' lang='lat' dir='ltr'><strong>Quibus</strong></span> <span class='ocrx_word' id='word_1_39' title='bbox 390 825 463 892; x_wconf 91' lang='lat' dir='ltr'><strong>illud</strong></span> <span class='ocrx_word' id='word_1_40' title='bbox 486 841 605 900; x_wconf 85' lang='lat' dir='ltr'><strong>quoque</strong></span> <span class='ocrx_word' id='word_1_41' title='bbox 626 833 726 902; x_wconf 88' lang='lat' dir='ltr'><strong>aptum</strong></span> <span class='ocrx_word' id='word_1_42' title='bbox 748 833 795 886; x_wconf 89' lang='lat' dir='ltr'><strong>est</strong></span> <span class='ocrx_word' id='word_1_43' title='bbox 816 828 895 900; x_wconf 83' lang='lat' dir='ltr'><strong>quod</strong></span> <span class='ocrx_word' id='word_1_44' title='bbox 909 833 1012 886; x_wconf 89' lang='lat' dir='ltr'><strong>auctor</strong></span> <span class='ocrx_word' id='word_1_45' title='bbox 1026 807 1165 900; x_wconf 82' lang='lat' dir='ltr'><strong>biogor&#39;ris</strong></span> <span class='ocrx_word' id='word_1_46' title='bbox 1180 825 1250 884; x_wconf 89' lang='lat' dir='ltr'><strong>dicit</strong></span> 
     </span>
    </p>
   </div>
   <div class='ocr_carea' id='block_1_3' title="bbox 92 925 1344 2718">
    <p class='ocr_par' dir='ltr' id='par_1_3' title="bbox 92 925 1344 2718">
     <span class='ocr_line' id='line_1_6' title="bbox 93 925 1249 1002; baseline 0.001 -18"><span class='ocrx_word' id='word_1_47' title='bbox 93 926 134 987; x_wconf 91' lang='lat' dir='ltr'><strong>de</strong></span> <span class='ocrx_word' id='word_1_48' title='bbox 159 927 342 1000; x_wconf 74' lang='lat' dir='ltr'><strong>dialogorum</strong></span> <span class='ocrx_word' id='word_1_49' title='bbox 370 925 515 987; x_wconf 88' lang='lat' dir='ltr'><strong>divisione</strong></span> <span class='ocrx_word' id='word_1_50' title='bbox 541 934 571 988; x_wconf 87' lang='lat' dir='ltr'><strong>ct</strong></span> <span class='ocrx_word' id='word_1_51' title='bbox 595 935 699 990; x_wconf 89' lang='lat' dir='ltr'><strong>natura</strong></span> <span class='ocrx_word' id='word_1_52' title='bbox 721 925 751 1000; x_wconf 83' lang='lat'><strong>3,</strong></span> <span class='ocrx_word' id='word_1_53' title='bbox 766 926 808 988; x_wconf 81' lang='grc'><strong>49</strong></span> <span class='ocrx_word' id='word_1_54' title='bbox 821 942 886 1001; x_wconf 84' lang='lat' dir='ltr'><strong>sqq.</strong></span> <span class='ocrx_word' id='word_1_55' title='bbox 914 944 1003 1002; x_wconf 81' lang='lat' dir='ltr'><strong>quam</strong></span> <span class='ocrx_word' id='word_1_56' title='bbox 1030 927 1148 1001; x_wconf 85' lang='lat' dir='ltr'><strong>quidem</strong></span> <span class='ocrx_word' id='word_1_57' title='bbox 1176 926 1249 986; x_wconf 87' lang='lat' dir='ltr'><strong>divi-</strong></span> 
     </span>
     <span class='ocr_line' id='line_1_7' title="bbox 92 1026 1250 1102; baseline 0.001 -17"><span class='ocrx_word' id='word_1_58' title='bbox 92 1027 211 1086; x_wconf 89' lang='lat' dir='ltr'><strong>sionem</strong></span> <span class='ocrx_word' id='word_1_59' title='bbox 237 1027 316 1091; x_wconf 86' lang='lat' dir='ltr'><strong>idern</strong></span> <span class='ocrx_word' id='word_1_60' title='bbox 342 1026 449 1094; x_wconf 86' lang='lat' dir='ltr'><strong>deiude</strong></span> <span class='ocrx_word' id='word_1_61' title='bbox 476 1035 578 1089; x_wconf 86' lang='lat' dir='ltr'><strong>auctor</strong></span> <span class='ocrx_word' id='word_1_62' title='bbox 599 1029 629 1089; x_wconf 88' lang='lat' dir='ltr'><strong>in</strong></span> <span class='ocrx_word' id='word_1_63' title='bbox 651 1029 793 1102; x_wconf 76' lang='lat' dir='ltr'><strong>Thrasylli</strong></span> <span class='ocrx_word' id='word_1_64' title='bbox 819 1043 895 1102; x_wconf 81' lang='lat' dir='ltr'><strong>quas</strong></span> <span class='ocrx_word' id='word_1_65' title='bbox 920 1034 1056 1088; x_wconf 78' lang='lat' dir='ltr'><strong>recenset</strong></span> <span class='ocrx_word' id='word_1_66' title='bbox 1082 1027 1250 1102; x_wconf 81' lang='lat' dir='ltr'><strong>tetralogiaa</strong></span> 
     </span>
     <span class='ocr_line' id='line_1_8' title="bbox 92 1126 1251 1203; baseline 0 -17"><span class='ocrx_word' id='word_1_67' title='bbox 92 1127 183 1196; x_wconf 82' lang='lat' dir='ltr'><strong>inient</strong></span> <span class='ocrx_word' id='word_1_68' title='bbox 209 1126 341 1201; x_wconf 85' lang='lat' dir='ltr'><strong>singulis</strong></span> <span class='ocrx_word' id='word_1_69' title='bbox 362 1127 446 1196; x_wconf 84' lang='lat' dir='ltr'><strong>libris</strong></span> <span class='ocrx_word' id='word_1_70' title='bbox 473 1128 587 1192; x_wconf 85' lang='lat' dir='ltr'><strong>addens</strong></span> <span class='ocrx_word' id='word_1_71' title='bbox 613 1129 814 1192; x_wconf 84' lang='lat' dir='ltr'><strong>definitionem</strong></span> <span class='ocrx_word' id='word_1_72' title='bbox 845 1129 910 1192; x_wconf 86' lang='lat' dir='ltr'><strong>eius</strong></span> <span class='ocrx_word' id='word_1_73' title='bbox 937 1129 973 1188; x_wconf 90' lang='lat' dir='ltr'><strong>ad</strong></span> <span class='ocrx_word' id='word_1_74' title='bbox 1001 1129 1082 1202; x_wconf 87' lang='lat' dir='ltr'><strong>quod</strong></span> <span class='ocrx_word' id='word_1_75' title='bbox 1103 1129 1251 1203; x_wconf 78' lang='lat' dir='ltr'><strong>pertinent</strong></span> 
     </span>
     <span class='ocr_line' id='line_1_9' title="bbox 94 1226 1251 1304; baseline -0.004 -12"><span class='ocrx_word' id='word_1_76' title='bbox 94 1226 215 1302; x_wconf 74' lang='lat' dir='ltr'><strong>genens</strong></span> <span class='ocrx_word' id='word_1_77' title='bbox 234 1243 360 1300; x_wconf 86' lang='lat' dir='ltr'><strong>prorsus</strong></span> <span class='ocrx_word' id='word_1_78' title='bbox 381 1227 419 1294; x_wconf 83' lang='lat' dir='ltr'><strong>iia</strong></span> <span class='ocrx_word' id='word_1_79' title='bbox 442 1243 518 1302; x_wconf 84' lang='lat' dir='ltr'><strong>quae</strong></span> <span class='ocrx_word' id='word_1_80' title='bbox 541 1245 631 1303; x_wconf 83' lang='lat' dir='ltr'><strong>supra</strong></span> <span class='ocrx_word' id='word_1_81' title='bbox 649 1229 838 1293; x_wconf 75' lang='lat' dir='ltr'><strong>distribueret</strong></span> <span class='ocrx_word' id='word_1_82' title='bbox 852 1237 1082 1292; x_wconf 75' lang='lat' dir='ltr'><strong>consentaneam</strong></span> <span class='ocrx_word' id='word_1_83' title='bbox 1096 1229 1154 1288; x_wconf 90' lang='lat' dir='ltr'><strong>nisi</strong></span> <span class='ocrx_word' id='word_1_84' title='bbox 1169 1231 1251 1304; x_wconf 83' lang='lat' dir='ltr'><strong>quod</strong></span> 
     </span>
     <span class='ocr_line' id='line_1_10' title="bbox 95 1318 1254 1414; baseline 0.003 -28"><span class='ocrx_word' id='word_1_85' title='bbox 95 1341 199 1395; x_wconf 84' lang='lat' dir='ltr'><strong>errore</strong></span> <span class='ocrx_word' id='word_1_86' title='bbox 219 1327 347 1401; x_wconf 86' lang='lat' dir='ltr'><strong>quedam</strong></span> <span class='ocrx_word' id='word_1_87' title='bbox 371 1329 476 1392; x_wconf 85' lang='lat' dir='ltr'><strong>Critiae</strong></span> <span class='ocrx_word' id='word_1_88' title='bbox 498 1329 561 1396; x_wconf 84' lang='lat' dir='ltr'><strong>site</strong></span> <span class='ocrx_word' id='word_1_89' title='bbox 583 1329 727 1394; x_wconf 83' lang='lat' dir='ltr'><strong>Atlantico</strong></span> <span class='ocrx_word' id='word_1_90' title='bbox 743 1331 923 1406; x_wconf 79' lang='lat' dir='ltr'><strong>adscriptum</strong></span> <span class='ocrx_word' id='word_1_91' title='bbox 939 1338 985 1392; x_wconf 87' lang='lat' dir='ltr'><strong>ast</strong></span> <span class='ocrx_word' id='word_1_92' title='bbox 998 1327 1044 1404; x_wconf 82' lang='grc'><strong>(3,</strong></span> <span class='ocrx_word' id='word_1_93' title='bbox 1057 1328 1113 1404; x_wconf 84' lang='grc'><strong>50)</strong></span> <span class='ocrx_word' id='word_1_94' title='bbox 1127 1318 1254 1414; x_wconf 72' lang='grc' dir='ltr'><strong><em>ἠθικός</em></strong></span> 
     </span>
     <span class='ocr_line' id='line_1_11' title="bbox 94 1418 1252 1518; baseline 0.002 -30"><span class='ocrx_word' id='word_1_95' title='bbox 94 1443 152 1503; x_wconf 89' lang='lat' dir='ltr'><strong>pro</strong></span> <span class='ocrx_word' id='word_1_96' title='bbox 172 1418 357 1518; x_wconf 71' lang='grc' dir='ltr'><strong><em>πολιτικός.</em></strong></span> <span class='ocrx_word' id='word_1_97' title='bbox 401 1429 510 1498; x_wconf 85' lang='lat' dir='ltr'><strong>Partim</strong></span> <span class='ocrx_word' id='word_1_98' title='bbox 536 1431 683 1497; x_wconf 79' lang='lat' dir='ltr'><strong>consentit</strong></span> <span class='ocrx_word' id='word_1_99' title='bbox 708 1449 777 1494; x_wconf 91' lang='lat' dir='ltr'><strong>cum</strong></span> <span class='ocrx_word' id='word_1_100' title='bbox 802 1433 850 1494; x_wconf 87' lang='lat' dir='ltr'><strong>his</strong></span> <span class='ocrx_word' id='word_1_101' title='bbox 876 1432 981 1507; x_wconf 85' lang='lat' dir='ltr'><strong>partim</strong></span> <span class='ocrx_word' id='word_1_102' title='bbox 1007 1433 1118 1502; x_wconf 82' lang='lat' dir='ltr'><strong>recedit</strong></span> <span class='ocrx_word' id='word_1_103' title='bbox 1139 1433 1252 1491; x_wconf 81' lang='lat' dir='ltr'><strong>ethicos</strong></span> 
     </span>
     <span class='ocr_line' id='line_1_12' title="bbox 94 1530 1254 1608; baseline -0.002 -15"><span class='ocrx_word' id='word_1_104' title='bbox 94 1545 201 1593; x_wconf 87' lang='lat' dir='ltr'><strong>omnes</strong></span> <span class='ocrx_word' id='word_1_105' title='bbox 233 1530 295 1590; x_wconf 90' lang='lat' dir='ltr'><strong>lere</strong></span> <span class='ocrx_word' id='word_1_106' title='bbox 320 1530 456 1604; x_wconf 76' lang='lat' dir='ltr'><strong>dialogos</strong></span> <span class='ocrx_word' id='word_1_107' title='bbox 476 1530 604 1604; x_wconf 77' lang='lat' dir='ltr'><strong>politicis</strong></span> <span class='ocrx_word' id='word_1_108' title='bbox 626 1534 824 1596; x_wconf 85' lang='lat' dir='ltr'><strong>adnumerans</strong></span> <span class='ocrx_word' id='word_1_109' title='bbox 845 1534 970 1594; x_wconf 90' lang='lat' dir='ltr'><strong>Albinus</strong></span> <span class='ocrx_word' id='word_1_110' title='bbox 989 1533 1090 1594; x_wconf 81' lang='lat' dir='ltr'><strong>Galeri</strong></span> <span class='ocrx_word' id='word_1_111' title='bbox 1112 1533 1254 1608; x_wconf 85' lang='lat' dir='ltr'><strong>magister</strong></span> 
     </span>
     <span class='ocr_line' id='line_1_13' title="bbox 94 1631 1255 1709; baseline 0.001 -19"><span class='ocrx_word' id='word_1_112' title='bbox 94 1631 239 1702; x_wconf 83' lang='lat' dir='ltr'><strong>Favorino</strong></span> <span class='ocrx_word' id='word_1_113' title='bbox 266 1631 317 1705; x_wconf 91' lang='lat' dir='ltr'><strong>qui</strong></span> <span class='ocrx_word' id='word_1_114' title='bbox 339 1631 395 1690; x_wconf 89' lang='lat' dir='ltr'><strong>sub</strong></span> <span class='ocrx_word' id='word_1_115' title='bbox 417 1633 541 1695; x_wconf 82' lang='lat' dir='ltr'><strong>Traiano</strong></span> <span class='ocrx_word' id='word_1_116' title='bbox 568 1631 627 1694; x_wconf 83' lang='lat' dir='ltr'><strong>iam</strong></span> <span class='ocrx_word' id='word_1_117' title='bbox 649 1634 772 1698; x_wconf 72' lang='lat' dir='ltr'><strong>florebat</strong></span> <span class='ocrx_word' id='word_1_118' title='bbox 794 1635 910 1709; x_wconf 84' lang='lat' dir='ltr'><strong>(Suid.)</strong></span> <span class='ocrx_word' id='word_1_119' title='bbox 936 1635 1033 1708; x_wconf 88' lang='lat' dir='ltr'><strong>paullo</strong></span> <span class='ocrx_word' id='word_1_120' title='bbox 1061 1642 1131 1692; x_wconf 87' lang='lat' dir='ltr'><strong>natu</strong></span> <span class='ocrx_word' id='word_1_121' title='bbox 1156 1634 1255 1692; x_wconf 87' lang='lat' dir='ltr'><strong>minor</strong></span> 
     </span>
     <span class='ocr_line' id='line_1_14' title="bbox 95 1729 1253 1810; baseline 0.002 -16"><span class='ocrx_word' id='word_1_122' title='bbox 95 1733 149 1808; x_wconf 86' lang='lat' dir='ltr'><strong>(ci.</strong></span> <span class='ocrx_word' id='word_1_123' title='bbox 173 1733 281 1795; x_wconf 87' lang='lat' dir='ltr'><strong>lntrod.</strong></span> <span class='ocrx_word' id='word_1_124' title='bbox 305 1732 336 1792; x_wconf 90' lang='lat' dir='ltr'><strong>in</strong></span> <span class='ocrx_word' id='word_1_125' title='bbox 356 1733 400 1792; x_wconf 76' lang='lat' dir='ltr'><strong>nt.</strong></span> <span class='ocrx_word' id='word_1_126' title='bbox 418 1732 486 1802; x_wconf 79' lang='lat' dir='ltr'><strong>diat.</strong></span> <span class='ocrx_word' id='word_1_127' title='bbox 499 1729 543 1805; x_wconf 84' lang='lat'><strong>5).</strong></span> <span class='ocrx_word' id='word_1_128' title='bbox 588 1735 658 1796; x_wconf 89' lang='lat' dir='ltr'><strong>Post</strong></span> <span class='ocrx_word' id='word_1_129' title='bbox 679 1737 730 1798; x_wconf 87' lang='lat' dir='ltr'><strong>itta</strong></span> <span class='ocrx_word' id='word_1_130' title='bbox 751 1737 906 1810; x_wconf 85' lang='lat' dir='ltr'><strong>Diogenes,</strong></span> <span class='ocrx_word' id='word_1_131' title='bbox 930 1735 984 1810; x_wconf 85' lang='lat' dir='ltr'><strong>qui</strong></span> <span class='ocrx_word' id='word_1_132' title='bbox 1002 1735 1033 1796; x_wconf 90' lang='lat' dir='ltr'><strong>in</strong></span> <span class='ocrx_word' id='word_1_133' title='bbox 1055 1737 1112 1794; x_wconf 92' lang='lat' dir='ltr'><strong>boc</strong></span> <span class='ocrx_word' id='word_1_134' title='bbox 1133 1749 1253 1810; x_wconf 82' lang='lat' dir='ltr'><strong>quoquc</strong></span> 
     </span>
     <span class='ocr_line' id='line_1_15' title="bbox 95 1833 1344 1914; baseline 0 -20"><span class='ocrx_word' id='word_1_135' title='bbox 95 1835 217 1908; x_wconf 79' lang='lat' dir='ltr'><strong>Platone</strong></span> <span class='ocrx_word' id='word_1_136' title='bbox 243 1852 261 1905; x_wconf 79' lang='lat' dir='ltr'><strong>a</strong></span> <span class='ocrx_word' id='word_1_137' title='bbox 287 1833 430 1894; x_wconf 89' lang='lat' dir='ltr'><strong>librorum</strong></span> <span class='ocrx_word' id='word_1_138' title='bbox 455 1834 727 1909; x_wconf 81' lang='lat' dir='ltr'><strong>philosophicorum</strong></span> <span class='ocrx_word' id='word_1_139' title='bbox 758 1837 855 1898; x_wconf 87' lang='lat' dir='ltr'><strong>studio</strong></span> <span class='ocrx_word' id='word_1_140' title='bbox 884 1842 913 1895; x_wconf 89' lang='lat' dir='ltr'><strong>et</strong></span> <span class='ocrx_word' id='word_1_141' title='bbox 939 1837 1066 1905; x_wconf 78' lang='lat' dir='ltr'><strong>lectiam</strong></span> <span class='ocrx_word' id='word_1_142' title='bbox 1099 1836 1167 1894; x_wconf 90' lang='lat' dir='ltr'><strong>licet</strong></span> <span class='ocrx_word' id='word_1_143' title='bbox 1192 1851 1253 1894; x_wconf 87' lang='lat' dir='ltr'><strong>non</strong></span> <span class='ocrx_word' id='word_1_144' title='bbox 1338 1908 1344 1914; x_wconf 41' lang='grc'>,</span> 
     </span>
     <span class='ocr_line' id='line_1_16' title="bbox 96 1931 1252 2011; baseline 0.001 -15"><span class='ocrx_word' id='word_1_145' title='bbox 96 1952 166 1998; x_wconf 87' lang='lat' dir='ltr'><strong>raro</strong></span> <span class='ocrx_word' id='word_1_146' title='bbox 187 1933 299 2011; x_wconf 86' lang='lat' dir='ltr'><strong>proprii</strong></span> <span class='ocrx_word' id='word_1_147' title='bbox 320 1932 430 2001; x_wconf 85' lang='lat' dir='ltr'><strong>laboris</strong></span> <span class='ocrx_word' id='word_1_148' title='bbox 458 1934 588 2007; x_wconf 85' lang='lat' dir='ltr'><strong>speciem</strong></span> <span class='ocrx_word' id='word_1_149' title='bbox 616 1938 731 1998; x_wconf 78' lang='lat' dir='ltr'><strong>affectet</strong></span> <span class='ocrx_word' id='word_1_150' title='bbox 750 1937 799 2011; x_wconf 82' lang='grc'><strong>(2,</strong></span> <span class='ocrx_word' id='word_1_151' title='bbox 815 1935 867 1998; x_wconf 81' lang='grc'><strong>97.</strong></span> <span class='ocrx_word' id='word_1_152' title='bbox 883 1934 913 2010; x_wconf 87' lang='grc'><strong>3,</strong></span> <span class='ocrx_word' id='word_1_153' title='bbox 928 1935 980 1996; x_wconf 81' lang='grc'><strong>47.</strong></span> <span class='ocrx_word' id='word_1_154' title='bbox 997 1933 1028 2010; x_wconf 77' lang='lat'><strong>7,</strong></span> <span class='ocrx_word' id='word_1_155' title='bbox 1043 1931 1116 1996; x_wconf 83' lang='lat'><strong>138.</strong></span> <span class='ocrx_word' id='word_1_156' title='bbox 1133 1936 1162 2010; x_wconf 81' lang='lat'><strong>7,</strong></span> <span class='ocrx_word' id='word_1_157' title='bbox 1179 1935 1252 1997; x_wconf 79' lang='grc'><strong>100.</strong></span> 
     </span>
     <span class='ocr_line' id='line_1_17' title="bbox 98 2034 1255 2112; baseline 0 -16"><span class='ocrx_word' id='word_1_158' title='bbox 98 2036 151 2112; x_wconf 88' lang='grc'><strong>10,</strong></span> <span class='ocrx_word' id='word_1_159' title='bbox 167 2037 225 2112; x_wconf 81' lang='grc'><strong>20)</strong></span> <span class='ocrx_word' id='word_1_160' title='bbox 258 2034 379 2107; x_wconf 87' lang='lat' dir='ltr'><strong>omnino</strong></span> <span class='ocrx_word' id='word_1_161' title='bbox 417 2047 450 2107; x_wconf 80' lang='lat' dir='ltr'><strong>sc</strong></span> <span class='ocrx_word' id='word_1_162' title='bbox 476 2037 605 2106; x_wconf 82' lang='lat' dir='ltr'><strong>ostendit</strong></span> <span class='ocrx_word' id='word_1_163' title='bbox 631 2038 760 2102; x_wconf 84' lang='lat' dir='ltr'><strong>ahenum</strong></span> <span class='ocrx_word' id='word_1_164' title='bbox 791 2046 819 2102; x_wconf 89' lang='lat' dir='ltr'><strong>et</strong></span> <span class='ocrx_word' id='word_1_165' title='bbox 851 2038 983 2100; x_wconf 86' lang='lat' dir='ltr'><strong>bismrici</strong></span> <span class='ocrx_word' id='word_1_166' title='bbox 1016 2044 1129 2096; x_wconf 88' lang='lat' dir='ltr'><strong>tanmm</strong></span> <span class='ocrx_word' id='word_1_167' title='bbox 1155 2045 1255 2111; x_wconf 81' lang='lat' dir='ltr'><strong>partes</strong></span> 
     </span>
     <span class='ocr_line' id='line_1_18' title="bbox 97 2135 1255 2214; baseline -0.002 -14"><span class='ocrx_word' id='word_1_168' title='bbox 97 2147 234 2214; x_wconf 82' lang='lat' dir='ltr'><strong>agentern</strong></span> <span class='ocrx_word' id='word_1_169' title='bbox 268 2135 426 2208; x_wconf 85' lang='lat' dir='ltr'><strong>historicos</strong></span> <span class='ocrx_word' id='word_1_170' title='bbox 456 2137 657 2211; x_wconf 76' lang='lat' dir='ltr'><strong>compilamus,</strong></span> <span class='ocrx_word' id='word_1_171' title='bbox 689 2139 835 2214; x_wconf 83' lang='lat' dir='ltr'><strong>integrum</strong></span> <span class='ocrx_word' id='word_1_172' title='bbox 866 2140 975 2200; x_wconf 87' lang='lat' dir='ltr'><strong>librum</strong></span> <span class='ocrx_word' id='word_1_173' title='bbox 1001 2138 1081 2197; x_wconf 91' lang='lat' dir='ltr'><strong>addit</strong></span> <span class='ocrx_word' id='word_1_174' title='bbox 1107 2137 1255 2198; x_wconf 78' lang='lat' dir='ltr'><strong>Aristoteli</strong></span> 
     </span>
     <span class='ocr_line' id='line_1_19' title="bbox 100 2231 1255 2320; baseline -0.003 -20"><span class='ocrx_word' id='word_1_175' title='bbox 100 2243 175 2307; x_wconf 86' lang='lat' dir='ltr'><strong>falso</strong></span> <span class='ocrx_word' id='word_1_176' title='bbox 196 2241 337 2306; x_wconf 88' lang='lat' dir='ltr'><strong>tributum</strong></span> <span class='ocrx_word' id='word_1_177' title='bbox 366 2239 402 2298; x_wconf 90' lang='lat' dir='ltr'><strong>de</strong></span> <span class='ocrx_word' id='word_1_178' title='bbox 429 2238 558 2304; x_wconf 87' lang='lat' dir='ltr'><strong>Platonis</strong></span> <span class='ocrx_word' id='word_1_179' title='bbox 581 2241 777 2304; x_wconf 74' lang='lat' dir='ltr'><strong>divisionibus</strong></span> <span class='ocrx_word' id='word_1_180' title='bbox 803 2231 1002 2314; x_wconf 72' lang='grc' dir='ltr'><strong>(ΠλάτωνοςΙ</strong></span> <span class='ocrx_word' id='word_1_181' title='bbox 1019 2231 1204 2320; x_wconf 76' lang='grc' dir='ltr'><strong><em>διαιρέσεις</em></strong></span> <span class='ocrx_word' id='word_1_182' title='bbox 1225 2235 1255 2312; x_wconf 85' lang='grc'><strong>8,</strong></span> 
     </span>
     <span class='ocr_line' id='line_1_20' title="bbox 99 2337 1255 2415; baseline -0.005 -11"><span class='ocrx_word' id='word_1_183' title='bbox 99 2339 265 2413; x_wconf 81' lang='grc'><strong>80-100)</strong></span> <span class='ocrx_word' id='word_1_184' title='bbox 293 2341 421 2400; x_wconf 87' lang='lat' dir='ltr'><strong>eundem</strong></span> <span class='ocrx_word' id='word_1_185' title='bbox 448 2337 513 2399; x_wconf 87' lang='lat' dir='ltr'><strong>sine</strong></span> <span class='ocrx_word' id='word_1_186' title='bbox 540 2341 630 2403; x_wconf 90' lang='lat' dir='ltr'><strong>dubio</strong></span> <span class='ocrx_word' id='word_1_187' title='bbox 657 2341 742 2406; x_wconf 86' lang='lat' dir='ltr'><strong>cuitts</strong></span> <span class='ocrx_word' id='word_1_188' title='bbox 768 2348 870 2415; x_wconf 87' lang='lat' dir='ltr'><strong>utpote</strong></span> <span class='ocrx_word' id='word_1_189' title='bbox 895 2342 1027 2402; x_wconf 87' lang='lat' dir='ltr'><strong>tectioris</strong></span> <span class='ocrx_word' id='word_1_190' title='bbox 1052 2347 1255 2414; x_wconf 80' lang='lat' dir='ltr'><strong>ugumenmm</strong></span> 
     </span>
     <span class='ocr_line' id='line_1_21' title="bbox 100 2441 1257 2522; baseline -0.007 -14"><span class='ocrx_word' id='word_1_191' title='bbox 100 2444 191 2508; x_wconf 84' lang='lat' dir='ltr'><strong>indici</strong></span> <span class='ocrx_word' id='word_1_192' title='bbox 213 2442 293 2505; x_wconf 89' lang='lat' dir='ltr'><strong>addit</strong></span> <span class='ocrx_word' id='word_1_193' title='bbox 313 2441 499 2510; x_wconf 78' lang='lat' dir='ltr'><strong>Ptolemaeus</strong></span> <span class='ocrx_word' id='word_1_194' title='bbox 522 2442 675 2519; x_wconf 76' lang='lat' dir='ltr'><strong>(wenricb</strong></span> <span class='ocrx_word' id='word_1_195' title='bbox 695 2459 724 2518; x_wconf 83' lang='lat' dir='ltr'><strong>p.</strong></span> <span class='ocrx_word' id='word_1_196' title='bbox 741 2441 816 2522; x_wconf 83' lang='lat'>151)</span> <span class='ocrx_word' id='word_1_197' title='bbox 840 2442 882 2506; x_wconf 78' lang='lat'><strong>26.</strong></span> <span class='ocrx_word' id='word_1_198' title='bbox 904 2444 1068 2506; x_wconf 86' lang='lat' dir='ltr'><strong>secundum</strong></span> <span class='ocrx_word' id='word_1_199' title='bbox 1089 2442 1169 2500; x_wconf 87' lang='lat' dir='ltr'><strong>bunc</strong></span> <span class='ocrx_word' id='word_1_200' title='bbox 1191 2441 1257 2515; x_wconf 71' lang='lat' dir='ltr'><strong>(pub</strong></span> 
     </span>
     <span class='ocr_line' id='line_1_22' title="bbox 101 2539 1256 2619; baseline -0.004 -14"><span class='ocrx_word' id='word_1_201' title='bbox 101 2546 170 2614; x_wconf 86' lang='lat' dir='ltr'><strong>dam</strong></span> <span class='ocrx_word' id='word_1_202' title='bbox 192 2542 326 2618; x_wconf 80' lang='lat' dir='ltr'><strong>capitulis</strong></span> <span class='ocrx_word' id='word_1_203' title='bbox 349 2549 528 2615; x_wconf 81' lang='lat' dir='ltr'><strong>contentum,</strong></span> <span class='ocrx_word' id='word_1_204' title='bbox 551 2559 645 2617; x_wconf 82' lang='lat' dir='ltr'><strong>quum</strong></span> <span class='ocrx_word' id='word_1_205' title='bbox 665 2545 697 2607; x_wconf 86' lang='lat' dir='ltr'><strong>l).</strong></span> <span class='ocrx_word' id='word_1_206' title='bbox 713 2546 746 2608; x_wconf 77' lang='lat' dir='ltr'><strong>b.</strong></span> <span class='ocrx_word' id='word_1_207' title='bbox 758 2546 864 2612; x_wconf 83' lang='lat' dir='ltr'><strong>babeat</strong></span> <span class='ocrx_word' id='word_1_208' title='bbox 878 2543 930 2619; x_wconf 76' lang='lat'><strong>30,</strong></span> <span class='ocrx_word' id='word_1_209' title='bbox 954 2539 1096 2606; x_wconf 73' lang='lat' dir='ltr'><strong>mdexl&#39;t</strong></span> <span class='ocrx_word' id='word_1_210' title='bbox 1111 2549 1256 2610; x_wconf 77' lang='lat' dir='ltr'><strong>numeret,</strong></span> 
     </span>
     <span class='ocr_line' id='line_1_23' title="bbox 99 2643 1258 2718; baseline -0.014 -1"><span class='ocrx_word' id='word_1_211' title='bbox 99 2647 165 2716; x_wconf 78' lang='lat' dir='ltr'><strong>lent</strong></span> <span class='ocrx_word' id='word_1_212' title='bbox 184 2661 255 2709; x_wconf 77' lang='lat' dir='ltr'><strong>vero</strong></span> <span class='ocrx_word' id='word_1_213' title='bbox 277 2643 408 2715; x_wconf 80' lang='lat' dir='ltr'><strong>Platoris</strong></span> <span class='ocrx_word' id='word_1_214' title='bbox 429 2644 503 2706; x_wconf 89' lang='lat' dir='ltr'><strong>baec</strong></span> <span class='ocrx_word' id='word_1_215' title='bbox 524 2644 678 2714; x_wconf 76' lang='lat' dir='ltr'><strong>illustratio</strong></span> <span class='ocrx_word' id='word_1_216' title='bbox 701 2661 761 2711; x_wconf 88' lang='lat' dir='ltr'><strong>non</strong></span> <span class='ocrx_word' id='word_1_217' title='bbox 778 2648 874 2708; x_wconf 83' lang='lat' dir='ltr'><strong>solum</strong></span> <span class='ocrx_word' id='word_1_218' title='bbox 890 2646 1108 2707; x_wconf 87' lang='lat' dir='ltr'><strong>Socraticorum</strong></span> <span class='ocrx_word' id='word_1_219' title='bbox 1118 2643 1258 2718; x_wconf 74' lang='lat' dir='ltr'><strong>Diogenis</strong></span> 
     </span>
    </p>
   </div>
   <div class='ocr_carea' id='block_1_4' title="bbox 101 2744 1377 2826">
    <p class='ocr_par' dir='ltr' id='par_1_4' title="bbox 101 2744 1377 2826">
     <span class='ocr_line' id='line_1_24' title="bbox 101 2744 1377 2826; baseline -0.005 -18"><span class='ocrx_word' id='word_1_220' title='bbox 101 2747 215 2820; x_wconf 77' lang='lat' dir='ltr'><strong>auctari</strong></span> <span class='ocrx_word' id='word_1_221' title='bbox 244 2745 392 2817; x_wconf 81' lang='lat' dir='ltr'><strong>simillima</strong></span> <span class='ocrx_word' id='word_1_222' title='bbox 418 2744 466 2823; x_wconf 81' lang='lat' dir='ltr'><strong>(cl.</strong></span> <span class='ocrx_word' id='word_1_223' title='bbox 491 2762 570 2814; x_wconf 68' lang='lat' dir='ltr'><strong>marc</strong></span> <span class='ocrx_word' id='word_1_224' title='bbox 590 2748 687 2814; x_wconf 83' lang='lat' dir='ltr'><strong>ethica</strong></span> <span class='ocrx_word' id='word_1_225' title='bbox 701 2745 731 2821; x_wconf 83' lang='lat'><strong>3,</strong></span> <span class='ocrx_word' id='word_1_226' title='bbox 746 2745 887 2826; x_wconf 75' lang='grc'>78-80)</span> <span class='ocrx_word' id='word_1_227' title='bbox 920 2749 973 2806; x_wconf 89' lang='lat' dir='ltr'><strong>sed</strong></span> <span class='ocrx_word' id='word_1_228' title='bbox 1004 2746 1092 2806; x_wconf 87' lang='lat' dir='ltr'><strong>etiam</strong></span> <span class='ocrx_word' id='word_1_229' title='bbox 1118 2759 1195 2818; x_wconf 83' lang='lat' dir='ltr'><strong>quae</strong></span> <span class='ocrx_word' id='word_1_230' title='bbox 1222 2746 1258 2804; x_wconf 89' lang='lat' dir='ltr'><strong>de</strong></span> <span class='ocrx_word' id='word_1_231' title='bbox 1369 2746 1377 2756; x_wconf 81' lang='grc'><strong>“</strong></span> 
     </span>
    </p>
   </div>
   <div class='ocr_carea' id='block_1_5' title="bbox 100 2847 1263 3534">
    <p class='ocr_par' dir='ltr' id='par_1_5' title="bbox 100 2847 1263 3534">
     <span class='ocr_line' id='line_1_25' title="bbox 100 2847 1258 2922; baseline -0.006 -12"><span class='ocrx_word' id='word_1_232' title='bbox 100 2849 266 2921; x_wconf 76' lang='lat' dir='ltr'><strong>Aristotelis</strong></span> <span class='ocrx_word' id='word_1_233' title='bbox 289 2847 443 2918; x_wconf 84' lang='lat' dir='ltr'><strong>sententiis</strong></span> <span class='ocrx_word' id='word_1_234' title='bbox 465 2849 645 2922; x_wconf 87' lang='lat' dir='ltr'><strong>paucissima</strong></span> <span class='ocrx_word' id='word_1_235' title='bbox 665 2849 767 2922; x_wconf 83' lang='lat' dir='ltr'><strong>refert,</strong></span> <span class='ocrx_word' id='word_1_236' title='bbox 796 2850 857 2910; x_wconf 89' lang='lat' dir='ltr'><strong>scil</strong></span> <span class='ocrx_word' id='word_1_237' title='bbox 887 2847 997 2908; x_wconf 85' lang='lat' dir='ltr'><strong>ethicas</strong></span> <span class='ocrx_word' id='word_1_238' title='bbox 1020 2847 1163 2920; x_wconf 80' lang='lat' dir='ltr'><strong>quasdam</strong></span> <span class='ocrx_word' id='word_1_239' title='bbox 1184 2847 1258 2920; x_wconf 59' lang='lat' dir='ltr'><strong>phys</strong></span> 
     </span>
     <span class='ocr_line' id='line_1_26' title="bbox 102 2947 1260 3026; baseline -0.006 -15"><span class='ocrx_word' id='word_1_240' title='bbox 102 2952 240 3026; x_wconf 81' lang='lat' dir='ltr'><strong>sioasque</strong></span> <span class='ocrx_word' id='word_1_241' title='bbox 262 2950 363 3010; x_wconf 89' lang='lat' dir='ltr'><strong>theses</strong></span> <span class='ocrx_word' id='word_1_242' title='bbox 385 2949 554 3016; x_wconf 81' lang='lat' dir='ltr'><strong>mitissimas</strong></span> <span class='ocrx_word' id='word_1_243' title='bbox 567 2966 629 3012; x_wconf 89' lang='lat' dir='ltr'><strong>non</strong></span> <span class='ocrx_word' id='word_1_244' title='bbox 640 2951 761 3024; x_wconf 83' lang='lat' dir='ltr'><strong>quidem</strong></span> <span class='ocrx_word' id='word_1_245' title='bbox 775 2966 826 3011; x_wconf 91' lang='lat' dir='ltr'><strong>eas</strong></span> <span class='ocrx_word' id='word_1_246' title='bbox 841 2949 877 3009; x_wconf 91' lang='lat' dir='ltr'><strong>ab</strong></span> <span class='ocrx_word' id='word_1_247' title='bbox 892 2948 959 3022; x_wconf 90' lang='lat' dir='ltr'><strong>ipso</strong></span> <span class='ocrx_word' id='word_1_248' title='bbox 974 2947 1111 3007; x_wconf 89' lang='lat' dir='ltr'><strong>collectas</strong></span> <span class='ocrx_word' id='word_1_249' title='bbox 1123 2979 1165 2988; x_wconf 91' lang='lat'>-</span> <span class='ocrx_word' id='word_1_250' title='bbox 1176 2947 1260 3005; x_wconf 82' lang='lat' dir='ltr'><strong>abeat</strong></span> 
     </span>
     <span class='ocr_line' id='line_1_27' title="bbox 103 3048 1260 3126; baseline -0.004 -13"><span class='ocrx_word' id='word_1_251' title='bbox 103 3053 183 3114; x_wconf 90' lang='lat' dir='ltr'><strong>enim</strong></span> <span class='ocrx_word' id='word_1_252' title='bbox 205 3053 242 3112; x_wconf 92' lang='lat' dir='ltr'><strong>ab</strong></span> <span class='ocrx_word' id='word_1_253' title='bbox 265 3050 331 3120; x_wconf 83' lang='lat' dir='ltr'><strong>eius</strong></span> <span class='ocrx_word' id='word_1_254' title='bbox 354 3049 452 3110; x_wconf 91' lang='lat' dir='ltr'><strong>studio</strong></span> <span class='ocrx_word' id='word_1_255' title='bbox 478 3067 555 3126; x_wconf 82' lang='lat' dir='ltr'><strong>quae</strong></span> <span class='ocrx_word' id='word_1_256' title='bbox 581 3053 712 3120; x_wconf 88' lang='lat' dir='ltr'><strong>iudicare</strong></span> <span class='ocrx_word' id='word_1_257' title='bbox 738 3053 855 3114; x_wconf 83' lang='lat' dir='ltr'><strong>ridetur</strong></span> <span class='ocrx_word' id='word_1_258' title='bbox 879 3051 916 3112; x_wconf 92' lang='lat' dir='ltr'><strong>de</strong></span> <span class='ocrx_word' id='word_1_259' title='bbox 944 3049 1088 3122; x_wconf 72' lang='lat' dir='ltr'><strong>diuisione</strong></span> <span class='ocrx_word' id='word_1_260' title='bbox 1111 3048 1260 3108; x_wconf 83' lang='lat' dir='ltr'><strong>doctrinae</strong></span> 
     </span>
     <span class='ocr_line' id='line_1_28' title="bbox 103 3147 1260 3230; baseline -0.006 -14"><span class='ocrx_word' id='word_1_261' title='bbox 103 3161 134 3218; x_wconf 91' lang='lat' dir='ltr'><strong>ct</strong></span> <span class='ocrx_word' id='word_1_262' title='bbox 155 3153 259 3215; x_wconf 89' lang='lat' dir='ltr'><strong>ordine</strong></span> <span class='ocrx_word' id='word_1_263' title='bbox 280 3151 392 3226; x_wconf 80' lang='lat' dir='ltr'><strong>logicae</strong></span> <span class='ocrx_word' id='word_1_264' title='bbox 414 3153 594 3226; x_wconf 82' lang='lat' dir='ltr'><strong>pragmatius</strong></span> <span class='ocrx_word' id='word_1_265' title='bbox 617 3151 702 3230; x_wconf 81' lang='lat' dir='ltr'><strong>(Tap.</strong></span> <span class='ocrx_word' id='word_1_266' title='bbox 726 3153 840 3228; x_wconf 77' lang='lat' dir='ltr'><strong>Analyt.</strong></span> <span class='ocrx_word' id='word_1_267' title='bbox 857 3149 1000 3230; x_wconf 87' lang='lat' dir='ltr'><strong>Sophist.)</strong></span> <span class='ocrx_word' id='word_1_268' title='bbox 1016 3147 1046 3224; x_wconf 82' lang='lat'><strong>5,</strong></span> <span class='ocrx_word' id='word_1_269' title='bbox 1062 3147 1161 3224; x_wconf 76' lang='lat' dir='ltr'><strong>aesc.</strong></span> <span class='ocrx_word' id='word_1_270' title='bbox 1185 3165 1260 3224; x_wconf 84' lang='lat' dir='ltr'><strong>quae</strong></span> 
     </span>
     <span class='ocr_line' id='line_1_29' title="bbox 102 3251 1261 3333; baseline -0.006 -17"><span class='ocrx_word' id='word_1_271' title='bbox 102 3257 204 3333; x_wconf 84' lang='lat' dir='ltr'><strong>potius</strong></span> <span class='ocrx_word' id='word_1_272' title='bbox 227 3255 354 3314; x_wconf 86' lang='lat' dir='ltr'><strong>eundem</strong></span> <span class='ocrx_word' id='word_1_273' title='bbox 376 3253 426 3328; x_wconf 85' lang='lat' dir='ltr'><strong>qui</strong></span> <span class='ocrx_word' id='word_1_274' title='bbox 449 3269 540 3330; x_wconf 89' lang='lat' dir='ltr'><strong>supra</strong></span> <span class='ocrx_word' id='word_1_275' title='bbox 562 3257 598 3322; x_wconf 84' lang='lat' dir='ltr'><strong>de</strong></span> <span class='ocrx_word' id='word_1_276' title='bbox 620 3256 740 3316; x_wconf 90' lang='lat' dir='ltr'><strong>Platone</strong></span> <span class='ocrx_word' id='word_1_277' title='bbox 756 3252 786 3328; x_wconf 84' lang='lat'><strong>3,</strong></span> <span class='ocrx_word' id='word_1_278' title='bbox 801 3252 843 3314; x_wconf 78' lang='lat' dir='ltr'><strong>Ae</strong></span> <span class='ocrx_word' id='word_1_279' title='bbox 867 3261 1017 3316; x_wconf 85' lang='lat' dir='ltr'><strong>auctorem</strong></span> <span class='ocrx_word' id='word_1_280' title='bbox 1039 3251 1205 3326; x_wconf 84' lang='lat' dir='ltr'><strong>significant</strong></span> <span class='ocrx_word' id='word_1_281' title='bbox 1218 3281 1261 3296; x_wconf 87' lang='lat'><strong>--</strong></span> 
     </span>
     <span class='ocr_line' id='line_1_30' title="bbox 104 3355 1262 3432; baseline -0.003 -14"><span class='ocrx_word' id='word_1_282' title='bbox 104 3358 266 3432; x_wconf 80' lang='lat' dir='ltr'><strong>Diogenem</strong></span> <span class='ocrx_word' id='word_1_283' title='bbox 289 3356 326 3426; x_wconf 78' lang='lat' dir='ltr'><strong>tle</strong></span> <span class='ocrx_word' id='word_1_284' title='bbox 347 3355 468 3426; x_wconf 83' lang='lat' dir='ltr'><strong>Platane</strong></span> <span class='ocrx_word' id='word_1_285' title='bbox 490 3362 519 3416; x_wconf 88' lang='lat' dir='ltr'><strong>ct</strong></span> <span class='ocrx_word' id='word_1_286' title='bbox 532 3355 689 3426; x_wconf 75' lang='lat' dir='ltr'><strong>Aristotele</strong></span> <span class='ocrx_word' id='word_1_287' title='bbox 704 3363 831 3430; x_wconf 76' lang='lat' dir='ltr'><strong>arguunt</strong></span> <span class='ocrx_word' id='word_1_288' title='bbox 845 3371 905 3416; x_wconf 90' lang='lat' dir='ltr'><strong>non</strong></span> <span class='ocrx_word' id='word_1_289' title='bbox 921 3355 1262 3428; x_wconf 87' lang='lat' dir='ltr'><strong>philosophusauotoras</strong></span> 
     </span>
     <span class='ocr_line' id='line_1_31' title="bbox 105 3455 1263 3534; baseline 0 -20"><span class='ocrx_word' id='word_1_290' title='bbox 105 3457 202 3534; x_wconf 81' lang='lat' dir='ltr'><strong>sequi,</strong></span> <span class='ocrx_word' id='word_1_291' title='bbox 225 3457 334 3514; x_wconf 90' lang='lat' dir='ltr'><strong>nedum</strong></span> <span class='ocrx_word' id='word_1_292' title='bbox 356 3455 556 3524; x_wconf 77' lang='lat' dir='ltr'><strong>Andronicum</strong></span> <span class='ocrx_word' id='word_1_293' title='bbox 584 3458 708 3533; x_wconf 84' lang='lat' dir='ltr'><strong>eiusque</strong></span> <span class='ocrx_word' id='word_1_294' title='bbox 734 3457 872 3532; x_wconf 63' lang='lat' dir='ltr'><strong>sedamen</strong></span> <span class='ocrx_word' id='word_1_295' title='bbox 900 3463 1097 3529; x_wconf 83' lang='lat' dir='ltr'><strong>posterosque</strong></span> <span class='ocrx_word' id='word_1_296' title='bbox 1122 3471 1198 3528; x_wconf 86' lang='lat' dir='ltr'><strong>quos</strong></span> <span class='ocrx_word' id='word_1_297' title='bbox 1224 3472 1263 3526; x_wconf 82' lang='lat' dir='ltr'><strong>ne</strong></span> 
     </span>
    </p>
   </div>
   <div class='ocr_carea' id='block_1_6' title="bbox 106 3555 1364 3638">
    <p class='ocr_par' dir='ltr' id='par_1_6' title="bbox 106 3555 1364 3638">
     <span class='ocr_line' id='line_1_32' title="bbox 106 3555 1364 3638; baseline -0.006 -17"><span class='ocrx_word' id='word_1_298' title='bbox 106 3561 176 3622; x_wconf 91' lang='lat' dir='ltr'><strong>citat</strong></span> <span class='ocrx_word' id='word_1_299' title='bbox 197 3559 317 3632; x_wconf 85' lang='lat' dir='ltr'><strong>quidem</strong></span> <span class='ocrx_word' id='word_1_300' title='bbox 339 3573 478 3631; x_wconf 88' lang='lat' dir='ltr'><strong>umquam</strong></span> <span class='ocrx_word' id='word_1_301' title='bbox 500 3565 616 3630; x_wconf 81' lang='lat' dir='ltr'><strong>praeter</strong></span> <span class='ocrx_word' id='word_1_302' title='bbox 638 3559 821 3634; x_wconf 76' lang='lat' dir='ltr'><strong>Thrasyllum</strong></span> <span class='ocrx_word' id='word_1_303' title='bbox 844 3555 1019 3628; x_wconf 80' lang='lat' dir='ltr'><strong>Stoicosque</strong></span> <span class='ocrx_word' id='word_1_304' title='bbox 1040 3557 1260 3617; x_wconf 83' lang='lat' dir='ltr'><strong>Athenodorum</strong></span> <span class='ocrx_word' id='word_1_305' title='bbox 1360 3627 1364 3638; x_wconf 20' lang='grc' dir='ltr'>δ</span> 
     </span>
    </p>
   </div>
   <div class='ocr_carea' id='block_1_7' title="bbox 107 3654 1319 4450">
    <p class='ocr_par' dir='ltr' id='par_1_7' title="bbox 107 3654 1319 4450">
     <span class='ocr_line' id='line_1_33' title="bbox 108 3654 1264 3735; baseline -0.005 -13"><span class='ocrx_word' id='word_1_306' title='bbox 108 3669 138 3722; x_wconf 91' lang='lat' dir='ltr'><strong>et</strong></span> <span class='ocrx_word' id='word_1_307' title='bbox 158 3661 304 3731; x_wconf 73' lang='lat' dir='ltr'><strong>Bocchum</strong></span> <span class='ocrx_word' id='word_1_308' title='bbox 327 3664 356 3718; x_wconf 84' lang='lat' dir='ltr'><strong>et</strong></span> <span class='ocrx_word' id='word_1_309' title='bbox 377 3675 437 3728; x_wconf 84' lang='lat' dir='ltr'><strong>uno</strong></span> <span class='ocrx_word' id='word_1_310' title='bbox 459 3666 573 3730; x_wconf 82' lang='lat' dir='ltr'><strong>tantum</strong></span> <span class='ocrx_word' id='word_1_311' title='bbox 594 3660 659 3718; x_wconf 92' lang='lat' dir='ltr'><strong>loco</strong></span> <span class='ocrx_word' id='word_1_312' title='bbox 681 3660 832 3726; x_wconf 84' lang='lat' dir='ltr'><strong>Nicolaum</strong></span> <span class='ocrx_word' id='word_1_313' title='bbox 855 3654 920 3734; x_wconf 85' lang='grc'>(10,</span> <span class='ocrx_word' id='word_1_314' title='bbox 935 3657 980 3735; x_wconf 78' lang='lat' dir='ltr'><strong>l),</strong></span> <span class='ocrx_word' id='word_1_315' title='bbox 1003 3658 1057 3718; x_wconf 89' lang='lat' dir='ltr'><strong>sed</strong></span> <span class='ocrx_word' id='word_1_316' title='bbox 1077 3657 1176 3730; x_wconf 86' lang='lat' dir='ltr'><strong>petius</strong></span> <span class='ocrx_word' id='word_1_317' title='bbox 1198 3658 1264 3732; x_wconf 91' lang='lat' dir='ltr'><strong>pbi-</strong></span> 
     </span>
     <span class='ocr_line' id='line_1_34' title="bbox 107 3759 1263 3836; baseline -0.003 -12"><span class='ocrx_word' id='word_1_318' title='bbox 107 3765 232 3836; x_wconf 77' lang='lat' dir='ltr'><strong>lologos</strong></span> <span class='ocrx_word' id='word_1_319' title='bbox 277 3759 410 3834; x_wconf 76' lang='lat' dir='ltr'><strong>Quorum</strong></span> <span class='ocrx_word' id='word_1_320' title='bbox 432 3775 467 3818; x_wconf 88' lang='lat' dir='ltr'><strong>ee</strong></span> <span class='ocrx_word' id='word_1_321' title='bbox 488 3767 581 3823; x_wconf 85' lang='lat' dir='ltr'><strong>aetate</strong></span> <span class='ocrx_word' id='word_1_322' title='bbox 603 3761 691 3835; x_wconf 88' lang='lat' dir='ltr'><strong>louge</strong></span> <span class='ocrx_word' id='word_1_323' title='bbox 712 3760 894 3821; x_wconf 84' lang='lat' dir='ltr'><strong>clarissimus</strong></span> <span class='ocrx_word' id='word_1_324' title='bbox 915 3759 1150 3834; x_wconf 73' lang='lat' dir='ltr'><strong>fulcheredum,</strong></span> <span class='ocrx_word' id='word_1_325' title='bbox 1175 3777 1263 3835; x_wconf 85' lang='lat' dir='ltr'><strong>quem</strong></span> 
     </span>
     <span class='ocr_line' id='line_1_35' title="bbox 107 3848 1264 3936; baseline -0.003 -10"><span class='ocrx_word' id='word_1_326' title='bbox 107 3879 212 3931; x_wconf 85' lang='lat' dir='ltr'><strong>revera</strong></span> <span class='ocrx_word' id='word_1_327' title='bbox 244 3861 420 3936; x_wconf 87' lang='lat' dir='ltr'><strong>saepissime</strong></span> <span class='ocrx_word' id='word_1_328' title='bbox 452 3848 599 3936; x_wconf 78' lang='lat' dir='ltr'><strong>diogenes</strong></span> <span class='ocrx_word' id='word_1_329' title='bbox 637 3878 729 3936; x_wconf 85' lang='lat' dir='ltr'><strong>quum</strong></span> <span class='ocrx_word' id='word_1_330' title='bbox 762 3863 799 3920; x_wconf 92' lang='lat' dir='ltr'><strong>de</strong></span> <span class='ocrx_word' id='word_1_331' title='bbox 832 3861 1045 3935; x_wconf 79' lang='lat' dir='ltr'><strong>auhquissimir</strong></span> <span class='ocrx_word' id='word_1_332' title='bbox 1078 3861 1264 3936; x_wconf 85' lang='lat' dir='ltr'><strong>pbilosophis</strong></span> 
     </span>
     <span class='ocr_line' id='line_1_36' title="bbox 109 3962 1265 4038; baseline -0.003 -12"><span class='ocrx_word' id='word_1_333' title='bbox 109 3964 327 4038; x_wconf 78' lang='lat' dir='ltr'><strong>Socraucisque</strong></span> <span class='ocrx_word' id='word_1_334' title='bbox 349 3970 412 4022; x_wconf 89' lang='lat' dir='ltr'><strong>tum</strong></span> <span class='ocrx_word' id='word_1_335' title='bbox 434 3964 471 4025; x_wconf 92' lang='lat' dir='ltr'><strong>de</strong></span> <span class='ocrx_word' id='word_1_336' title='bbox 492 3963 649 4022; x_wconf 89' lang='lat' dir='ltr'><strong>Platonicis</strong></span> <span class='ocrx_word' id='word_1_337' title='bbox 672 3971 701 4022; x_wconf 92' lang='lat' dir='ltr'><strong>et</strong></span> <span class='ocrx_word' id='word_1_338' title='bbox 722 3962 932 4037; x_wconf 75' lang='lat' dir='ltr'><strong>Peripateticis,</strong></span> <span class='ocrx_word' id='word_1_339' title='bbox 954 3977 1114 4035; x_wconf 84' lang='lat' dir='ltr'><strong>numquam</strong></span> <span class='ocrx_word' id='word_1_340' title='bbox 1138 3978 1213 4021; x_wconf 83' lang='lat' dir='ltr'><strong>reru</strong></span> <span class='ocrx_word' id='word_1_341' title='bbox 1228 3965 1265 4022; x_wconf 88' lang='lat' dir='ltr'><strong>de</strong></span> 
     </span>
     <span class='ocr_line' id='line_1_37' title="bbox 109 4053 1265 4142; baseline -0.004 -12"><span class='ocrx_word' id='word_1_342' title='bbox 109 4067 218 4142; x_wconf 78' lang='lat' dir='ltr'><strong>Stoicis</strong></span> <span class='ocrx_word' id='word_1_343' title='bbox 241 4074 270 4128; x_wconf 91' lang='lat' dir='ltr'><strong>et</strong></span> <span class='ocrx_word' id='word_1_344' title='bbox 290 4065 444 4140; x_wconf 83' lang='lat' dir='ltr'><strong>Epicureis</strong></span> <span class='ocrx_word' id='word_1_345' title='bbox 468 4065 544 4123; x_wconf 90' lang='lat' dir='ltr'><strong>solet</strong></span> <span class='ocrx_word' id='word_1_346' title='bbox 566 4065 663 4136; x_wconf 82' lang='lat' dir='ltr'><strong>citare.</strong></span> <span class='ocrx_word' id='word_1_347' title='bbox 707 4065 801 4124; x_wconf 88' lang='lat' dir='ltr'><strong>Huius</strong></span> <span class='ocrx_word' id='word_1_348' title='bbox 823 4065 912 4140; x_wconf 84' lang='lat' dir='ltr'><strong>igitur</strong></span> <span class='ocrx_word' id='word_1_349' title='bbox 932 4063 1066 4125; x_wconf 83' lang='lat' dir='ltr'><strong>Favorini</strong></span> <span class='ocrx_word' id='word_1_350' title='bbox 1081 4063 1164 4122; x_wconf 86' lang='lat' dir='ltr'><strong>libris</strong></span> <span class='ocrx_word' id='word_1_351' title='bbox 1179 4053 1265 4125; x_wconf 70' lang='lat' dir='ltr'><strong>dne</strong></span> 
     </span>
     <span class='ocr_line' id='line_1_38' title="bbox 108 4157 1319 4251; baseline -0.003 -21"><span class='ocrx_word' id='word_1_352' title='bbox 108 4157 389 4251; x_wconf 79' lang='grc' dir='ltr'><strong><em>μιημοιιυμάτωι</em></strong></span> <span class='ocrx_word' id='word_1_353' title='bbox 411 4167 448 4228; x_wconf 92' lang='lat' dir='ltr'><strong>de</strong></span> <span class='ocrx_word' id='word_1_354' title='bbox 461 4165 611 4226; x_wconf 89' lang='lat' dir='ltr'><strong>veteribus</strong></span> <span class='ocrx_word' id='word_1_355' title='bbox 626 4166 812 4240; x_wconf 85' lang='lat' dir='ltr'><strong>philosophis</strong></span> <span class='ocrx_word' id='word_1_356' title='bbox 828 4166 893 4226; x_wconf 89' lang='lat' dir='ltr'><strong>siue</strong></span> <span class='ocrx_word' id='word_1_357' title='bbox 908 4165 1011 4228; x_wconf 87' lang='lat' dir='ltr'><strong>ordine</strong></span> <span class='ocrx_word' id='word_1_358' title='bbox 1026 4166 1117 4226; x_wconf 90' lang='lat' dir='ltr'><strong>multa</strong></span> <span class='ocrx_word' id='word_1_359' title='bbox 1127 4165 1265 4239; x_wconf 77' lang='lat' dir='ltr'><strong>variaque</strong></span> <span class='ocrx_word' id='word_1_360' title='bbox 1315 4197 1319 4201; x_wconf 92' lang='lat'><em>·</em></span> 
     </span>
     <span class='ocr_line' id='line_1_39' title="bbox 109 4264 1267 4348; baseline -0.006 -16"><span class='ocrx_word' id='word_1_361' title='bbox 109 4270 359 4348; x_wconf 78' lang='lat' dir='ltr'><strong>tradentibus-</strong></span> <span class='ocrx_word' id='word_1_362' title='bbox 389 4267 553 4336; x_wconf 84' lang='lat' dir='ltr'><strong>disserebat</strong></span> <span class='ocrx_word' id='word_1_363' title='bbox 578 4268 657 4336; x_wconf 85' lang='lat' dir='ltr'><strong>enim</strong></span> <span class='ocrx_word' id='word_1_364' title='bbox 685 4269 721 4326; x_wconf 91' lang='lat' dir='ltr'><strong>de</strong></span> <span class='ocrx_word' id='word_1_365' title='bbox 747 4269 931 4343; x_wconf 74' lang='lat' dir='ltr'><strong>Xenophane</strong></span> <span class='ocrx_word' id='word_1_366' title='bbox 951 4264 993 4342; x_wconf 85' lang='grc'><strong>(9,</strong></span> <span class='ocrx_word' id='word_1_367' title='bbox 1009 4264 1062 4342; x_wconf 78' lang='grc'><strong>20)</strong></span> <span class='ocrx_word' id='word_1_368' title='bbox 1090 4267 1267 4340; x_wconf 70' lang='grc' dir='ltr'><strong>Ειιψιᾶοιὶο</strong></span> 
     </span>
     <span class='ocr_line' id='line_1_40' title="bbox 111 4363 1265 4450; baseline -0.004 -17"><span class='ocrx_word' id='word_1_369' title='bbox 111 4369 156 4450; x_wconf 84' lang='grc'><strong>(8,</strong></span> <span class='ocrx_word' id='word_1_370' title='bbox 172 4369 230 4450; x_wconf 74' lang='grc'><strong>(3)</strong></span> <span class='ocrx_word' id='word_1_371' title='bbox 255 4371 375 4432; x_wconf 81' lang='lat' dir='ltr'><strong>Socrate</strong></span> <span class='ocrx_word' id='word_1_372' title='bbox 402 4367 445 4447; x_wconf 81' lang='lat'><strong>(2,</strong></span> <span class='ocrx_word' id='word_1_373' title='bbox 461 4365 512 4432; x_wconf 83' lang='lat'><strong>23.</strong></span> <span class='ocrx_word' id='word_1_374' title='bbox 527 4366 570 4436; x_wconf 81' lang='grc'><strong>39</strong></span> <span class='ocrx_word' id='word_1_375' title='bbox 583 4367 644 4446; x_wconf 84' lang='lat' dir='ltr'><strong>sq.)</strong></span> <span class='ocrx_word' id='word_1_376' title='bbox 671 4368 817 4438; x_wconf 85' lang='lat' dir='ltr'><strong>Demetrio</strong></span> <span class='ocrx_word' id='word_1_377' title='bbox 844 4367 984 4434; x_wconf 85' lang='lat' dir='ltr'><strong>Phalereo</strong></span> <span class='ocrx_word' id='word_1_378' title='bbox 1013 4363 1056 4444; x_wconf 81' lang='lat' dir='ltr'><strong>(b,</strong></span> <span class='ocrx_word' id='word_1_379' title='bbox 1071 4363 1125 4445; x_wconf 74' lang='grc'><strong>70)</strong></span> <span class='ocrx_word' id='word_1_380' title='bbox 1151 4367 1265 4442; x_wconf 88' lang='lat' dir='ltr'><strong>primus</strong></span> 
     </span>
    </p>
   </div>
   <div class='ocr_carea' id='block_1_8' title="bbox 0 0 1566 5164">
    <p class='ocr_par' dir='ltr' id='par_1_8' title="bbox 0 0 1566 5164">
     <span class='ocr_line' id='line_1_41' title="bbox 0 0 1566 5164; baseline 0 0"><span class='ocrx_word' id='word_1_381' title='bbox 0 0 1566 5164; x_wconf 95' lang='lat' dir='ltr'><strong> </strong></span> 
     </span>
    </p>
   </div>
  </div>
 </body>
</html>
