3036 5164
688 399 751 463 139

137 571 239 631 anima
273 573 452 647 omninoque
485 573 513 631 in
549 574 678 649 physicis
713 573 804 632 libris.
849 573 1032 649 Quapropter
1059 573 1088 631 bi
1111 569 1297 647 potissimum

136 674 208 734 libri
231 657 384 750 (66661666
406 676 484 734 enim
507 677 567 734 lere
591 683 653 734 erat
676 677 782 751 organi
807 676 971 750 dispositio.
994 678 1030 735 de
1054 675 1215 750 Philopono
1238 674 1298 731 dis-

136 777 287 836 sentiente
317 793 383 835 cum
410 777 557 836 Arieenna
587 780 623 836 61.
648 795 738 854 supra
768 787 797 838 et
824 779 954 837 1166666.
986 779 1022 836 16
1052 779 1129 836 6161.
1157 777 1226 849 pbil.
1243 772 1297 854 76)

136 881 193 955 661
220 887 370 954 praeterea
403 884 503 956 plures
537 889 638 940 esseut
671 882 861 956 rarioresque
895 897 980 956 quam
1016 880 1066 954 661
1094 894 1154 938 666
1181 893 1299 952 semper

135 990 244 1041 tenore
266 1000 283 1040 a
305 983 432 1041 librariis
455 983 662 1053 scriberentur,
687 983 766 1042 vario
783 984 858 1044 inter
875 1000 907 1043 66
920 983 1023 1042 611166
1035 981 1296 1056 coniungebantur.

135 1085 255 1143 Etenim
279 1101 370 1158 quum
394 1087 454 1143 lere
478 1085 533 1143 soli
557 1086 742 1160 separatique
765 1087 833 1146 ferri
857 1087 987 1144 solerent
1020 1082 1222 1160 (6116661616
1246 1099 1299 1141 sur

135 1187 185 1245 les
212 1189 286 1245 trad.
312 1187 385 1245 d'Ar.
422 1184 967 1264 61111661618436172173)
1002 1188 1076 1246 liber
1110 1189 1145 1246 16
1179 1187 1298 1245 incessu

137 1287 311 1348 animalium
334 1287 376 1364 (id
399 1291 479 1363 6661
502 1289 589 1348 etiam
611 1291 748 1350 Albertus
772 1292 894 1364 Magnus
914 1298 1038 1349 testatur
1056 1291 1128 1364 066.
1143 1289 1164 1346 V
1180 1306 1208 1362 6.
1223 1285 1297 1364 509)

137 1391 271 1466 itemque
293 1391 368 1449 liber
390 1392 427 1449 de
450 1407 538 1450 61666
560 1400 658 1451 motus
681 1393 982 1452 animalium-nem
1005 1409 1081 1466 6666
1103 1393 1133 1450 16
1148 1390 1298 1450 veteribus

138 1493 321 1552 editionibus
345 1494 496 1568 legebatur
518 1494 584 1552 libri
608 1496 644 1553 16
667 1512 772 1554 somno
797 1496 940 1554 clausula:
965 1489 1043 1575 περὶ
1065 1488 1103 1556 δὲ
1117 1491 1175 1575 τῆς
1187 1488 1299 1574 κοινῆς

138 1583 300 1676 κινήσεως
321 1592 387 1655 τῶν
410 1586 503 1672 ζώων
526 1590 658 1658 λεκτέον
681 1595 772 1672 (velut
793 1599 823 1656 in
847 1599 891 1656 61.
916 1593 1298 1671 prirnanasn.1531quae

140 1713 178 1757 ex
201 1698 306 1758 Aldine
329 1699 403 1757 lacta
426 1697 482 1776 661)
506 1699 542 1757 ab
564 1699 692 1773 Ephesio
716 1699 773 1758 iarn
796 1702 870 1760 lecta
898 1686 978 1776 (S‘eb.
1002 1701 1021 1758 l.
1046 1701 1082 1758 dc
1104 1709 1186 1759 motu
1209 1699 1296 1758 anim.

140 1803 160 1860 1.
178 1798 267 1878 149),
302 1817 359 1875 666
386 1801 520 1860 nituntur
548 1803 584 1860 de
608 1802 684 1861 serie
707 1803 848 1861 librorum
872 1803 1055 1876 disputantes
1077 1802 1207 1861 Nunnes.
1231 1803 1249 1860 l.
1273 1818 1298 1860 6.

142 1921 173 1977 6.
189 1901 238 1964 87.
263 1904 425 1963 Schneider
447 1907 484 1962 ad
505 1904 575 1962 bist.
599 1919 646 1962 an.
670 1906 729 1962 T.l
751 1906 841 1978 prael.
866 1901 983 1978 6118,
1012 1919 1147 1978 6666666
1169 1903 1199 1962 16
1222 1919 1299 1961 mur-

143 2005 213 2079 6166
234 2005 376 2065 versionis
398 2007 504 2064 latinae
527 2014 675 2080 tamquam
705 2023 741 2066 ex
768 2007 824 2064 alio
847 2009 974 2081 quodam
1001 2005 1101 2064 661166
1124 2005 1300 2064 adscribitur

139 2103 190 2181 (cl.
209 2107 243 2170 ,16
265 2108 364 2168 dverr.
388 2125 456 2182 666.
474 2107 518 2182 Vl,
535 2109 555 2167 2
577 2127 606 2183 p.
623 2107 688 2181 311,
712 2109 858 2170 Arerroes
881 2119 978 2168 autem
998 2109 1070 2166 nibil
1097 2109 1154 2166 1616
1169 2107 1240 2180 legit
1259 2107 1297 2165 cl.

138 2209 276 2284 Parapbr.
301 2212 318 2268 l.
344 2212 379 2269 de
403 2227 507 2270 somno
536 2209 615 2281 Vl,2
637 2229 665 2284 6.
682 2209 754 2272 376.
788 2229 847 2271 666
875 2211 967 2284 magis
995 2228 1083 2285 quam
1111 2217 1299 2269 666161166-

139 2313 235 2373 sionis
258 2314 476 2372 Graeculatinae
499 2313 606 2372 ueteris
629 2329 717 2388 quam
740 2317 821 2388 legas
844 2314 873 2372 in
898 2314 972 2388 066.
996 2315 1097 2372 Tbom.
1121 2313 1227 2388 16616.
1252 2313 1297 2371 ed.

137 2415 225 2476 Reor.
250 2417 311 2475 Vol,
328 2417 373 2487 111,
397 2417 434 2474 16
458 2431 563 2476 somno
587 2417 605 2474 1.
622 2415 711 2494 ton),
736 2415 915 2490 6166611616
939 2416 1060 2474 Belkeri
1075 2416 1195 2488 quidem
1212 2432 1300 2490 appa·

137 2526 205 2578 ratu
233 2535 293 2578 666
321 2517 522 2590 confirmetur,
557 2519 830 2593 antiquissimorum
859 2517 877 2576 1.
901 2534 926 2576 6.
952 2519 1142 2578 Arabieorum
1164 2519 1298 2580 codicum

140 2621 280 2680 dissensu
302 2620 414 2679 tollitur
436 2621 604 2693 auctoritas,
628 2621 696 2680 lieet
718 2623 798 2695 6661
820 2623 857 2680 61
879 2622 974 2694 ipsam
991 2636 1053 2680 rem
1064 2621 1190 2696 librique
1201 2622 1299 2680 locum

138 2722 219 2781 idem
237 2711 383 2782 'voluisse
416 2723 549 2784 rideatur
576 2723 625 2796 661
655 2724 761 2782 librum
796 2725 832 2782 de
860 2731 942 2782 motu
969 2739 1028 2781 non
1055 2725 1137 2783 novit
1157 2725 1300 2784 1166666

139 2819 191 2899 (ei.
199 2824 272 2898 066.
281 2826 302 2883 V
308 2825 419 2903 6404)
432 2827 595 2884 secandum
605 2827 733 2884 Graecos
744 2826 793 2884 ille
807 2825 960 2899 disputans
972 2832 1218 2885 commentatores
1231 2825 1297 2885 libri

138 2927 179 2986 de
201 2935 283 2986 motu
306 2944 347 2986 66.
372 2928 533 2988 clausulam
557 2937 690 3000 6666166,
719 2927 748 2984 16
772 2941 897 3000 quorum
926 2935 1022 2984 tamen
1045 2925 1127 2984 libris
1150 2930 1186 2987 16
1209 2929 1299 2987 libro-

140 3045 208 3088 rum
231 3030 502 3104 physiologioorum
525 3032 628 3090 ordine
651 3045 730 3089 nunc
753 3029 825 3088 nibil
849 3029 957 3088 diserte
978 3029 1102 3088 traditur
1125 3027 1171 3105 (61.
1197 3030 1297 3104 816161.

141 3131 178 3190 61
201 3132 220 3189 l.
244 3133 280 3190 16
303 3133 387 3192 66616
410 3133 471 3192 1611.
496 3146 550 3210 666
573 3133 668 3208 magis
690 3149 778 3206 quam
799 3133 863 3208 1666
886 3131 1058 3190 Aristoteles
1081 3147 1169 3206 qoem
1192 3133 1221 3190 in
1236 3133 1308 3192 sin-'

140 3231 219 3308 gulis
252 3233 337 3294 libris
370 3236 505 3310 sequitur
536 3236 592 3296 sibi
626 3241 742 3294 constat
768 3235 890 3294 llicbeel
916 3234 1077 3308 Ephesius,
1111 3235 1147 3292 61.
1172 3235 1238 3294 Scb.
1263 3237 1299 3294 16

140 3335 263 3394 1666666
286 3351 332 3395 an.
357 3336 455 3398 1187
478 3347 506 3400 61
529 3341 565 3398 16
588 3351 686 3412 gener.
710 3345 756 3394 an.
780 3336 799 3393 1.
816 3333 847 3408 3,
880 3337 931 3410 661
963 3344 1059 3396 tamen
1089 3353 1181 3411 quum
1208 3339 1299 3398 libros

141 3439 178 3495 de
201 3439 411 3499 6616666666
435 3455 521 3500 mem,
558 3447 587 3498 et
609 3455 714 3498 somno
743 3445 773 3497 et
800 3440 837 3498 16
859 3447 941 3497 motu
964 3440 1051 3498 anim.
1076 3447 1154 3498 certe
1177 3441 1300 3499 coniun-

141 3540 226 3612 xerit,
248 3540 341 3602 libros
362 3559 432 3602 vero
456 3545 493 3602 16
515 3543 594 3616 long.
618 3550 647 3601 et
667 3543 746 3600 brev.
770 3541 845 3599 vitae
869 3542 964 3614 16666
977 3541 1034 3600 rita
1049 3548 1078 3600 61
1093 3550 1186 3600 morte
1201 3543 1301 3600 aeolo·

139 3643 273 3716 gieorum
297 3645 428 3704 omnium
450 3653 617 3718 postremos
635 3643 735 3703 lecerit
757 3659 834 3716 6666
851 3651 971 3703 6666166
989 3644 1082 3702 161666
1094 3645 1155 3702 rult
1166 3643 1297 3719 perditos

142 3747 180 3804 de
203 3745 281 3805 rictu
304 3754 333 3805 et
356 3748 465 3806 morbis
489 3746 716 3822 166666166116
739 3754 768 3804 et
791 3747 964 3806 humoribus
988 3747 1023 3804 61.
1041 3743 1137 3818 troo,
1172 3747 1300 3806 eundem

142 3850 277 3908 ordinem
301 3850 439 3909 statuisse
462 3850 577 3908 videtur
603 3864 691 3923 quem
715 3849 878 3908 secundum
901 3849 983 3907 illum
1006 3850 1099 3909 voluit
1120 3849 1299 3922 Ν66666166,

141 3953 220 4012 bunc
244 3967 284 4010 66.
309 3953 346 4010 16
368 3959 441 4026 part.
465 3968 511 4010 an.
540 3953 576 4011 16
602 3953 724 4011 1666666
747 3952 783 4009 16
806 3952 903 4010 anima
925 3955 961 4011 de
984 3968 1076 4011 sensu
1099 3954 1136 4011 de
1158 3951 1301 4010 memoria

142 4062 173 4114 et
194 4069 300 4114 somno
324 4057 361 4114 de
383 4063 464 4113 motu
487 4072 532 4113 an.
558 4056 593 4113 de
617 4069 716 4129 gener.
741 4069 786 4112 an.
813 4053 949 4127 161666.
974 4055 1094 4113 abbrev.
1107 4053 1301 4112 vitaederita

144 4165 173 4216 et
201 4165 310 4229 morte,
345 4159 380 4216 61.
411 4158 508 4215 Sebol.
538 4156 569 4214 in
597 4157 688 4216 Parva
715 4156 857 4216 naturalia
884 4158 929 4214 ed.
957 4156 1027 4214 Ven.
1048 4154 1141 4216 1527.
1166 4157 1184 4214 1.
1202 4154 1299 4227 17511,

140 4267 295 4335 praeterea
322 4261 340 4317 t.
362 4259 433 4318 127.
459 4258 530 4318 ite.
552 4257 622 4319 151.
645 4259 741 4320 teob.
764 4257 825 4319 187
860 4267 889 4318 61
916 4260 983 4318 Seb.
1008 4238 1044 4318 dc
1067 4275 1132 4332 gen.
1156 4273 1203 4316 an.
1227 4259 1298 4316 Ven.

143 4358 228 4423 1526
252 4363 270 4420 1.
287 4359 315 4422 3.
333 4360 386 4422 31).
404 4361 479 4439 102)
501 4393 543 4404 -
566 4378 657 4436 quum
684 4361 772 4436 igitur
800 4363 839 4420 illi
869 4362 994 4425 seorsim
1024 4363 1205 4436 legerentur,
1233 4361 1299 4420 libri

140 4472 242 4526 autem
266 4466 303 4525 16
324 4464 457 4541 partibus
479 4464 647 4526 animalium
669 4465 813 4537 librisde
835 4466 1024 4544 generatione
1039 4465 1213 4542 plerumque
1229 4480 1300 4524 eon-
