3024 5162
787 355 850 416 240

244 550 307 623 ipsc
330 545 495 622 qualitatem
519 559 535 600 a
558 541 631 598 situs
654 533 799 609 categoria
822 528 955 601 dividit),
984 515 1067 601 ἔχειν
1090 513 1188 594 (ἕξις)
1214 533 1282 576 vero
1307 515 1394 574 ratio·

160 703 165 710 .
243 668 312 711 nem
343 647 473 709 cuiusvis
506 643 689 704 extrinsecus
724 634 808 711 quasi
842 629 999 704 comparati
1033 632 1062 684 et
1094 621 1276 682 substantiae
1302 617 1395 677 additi

246 753 325 828 quod
346 753 425 811 velut
448 749 563 822 singula
586 745 728 820 quaedam
749 753 817 812 pars
838 734 891 794 toti
914 731 1072 806 opponitur
1094 727 1146 798 (cl.
1159 724 1283 796 bletapb.
1300 721 1330 792 4,
1343 715 1396 778 23.

245 853 275 930 4,
292 855 341 916 20.
377 869 462 927 quam
490 851 582 924 ipsam
611 843 784 920 categoriam
812 857 827 898 a
853 833 1009 894 Platonicis
1044 837 1189 904 receptam
1217 839 1284 884 esse
1311 823 1400 880 docet

247 958 325 1032 quod
347 955 405 1013 illis
428 953 564 1012 tribuitur
586 948 743 1008 discrimen
774 941 870 1016 quoad
903 929 942 997 τὸ
965 927 1187 1010 ἐπιδέχεσθαι
1207 921 1246 990 τὸ
1267 919 1400 1004 μᾶλλον

246 1052 302 1119 καὶ
323 1041 420 1140 ἧττον
442 1057 550 1114 lactum
570 1053 648 1110 inter
669 1037 798 1130 ὑγιείαν
821 1051 849 1104 et
871 1033 974 1118 ἔχειν
995 1027 1123 1120 ὑγιείαν
1146 1035 1206 1094 Cat.
1223 1050 1251 1106 p.
1265 1029 1331 1090 tou
1345 1024 1399 1088 35.

247 1161 283 1220 oi.
307 1150 383 1220 ἑκτὰ
405 1157 645 1217 Academicorum
668 1151 764 1212 Sebol.
782 1141 1140 1212 sinedochium:
1177 1143 1178 1147 ’

370 1273 1271 1454 ὼ

400 1471 508 1544 ποσόν
551 1517 592 1527 -
637 1464 737 1536 ποιόν
911 1507 960 1534 ,ι
1111 1505 1128 1533 s,

481 1595 485 1601 ⁴
561 1571 568 1594 ,
804 1489 817 1641 }
861 1537 982 1581 uuvcou
1024 1548 1067 1558 -
1109 1531 1219 1594 ετερον

503 1599 588 1660 προς
609 1597 643 1639 ιι
703 1649 705 1654 Ι

401 1675 773 1764 Q

400 1771 468 1812 moe
553 1783 594 1792 -
636 1767 720 1809 ποτε

609 1847 763 1858 ——

399 1885 509 1948 ποιεῖν
553 1919 593 1926 -—
637 1874 777 1958 πάσχειν
866 1851 991 1940 κίνησις
1034 1889 1074 1898 ···
1120 1843 1236 1928 στάσις
1281 1883 1282 1890 “

398 1989 592 2053 κεῖσθαι-
635 1977 719 2061 ἔχειν
804 1907 817 2064 ς

249 2132 464 2192 Platonicorum
501 2126 590 2200 igitur
626 2122 787 2196 categorias
820 2120 845 2176 si
864 2183 866 2190 ¹
884 2116 994 2192 recepit
1026 2115 1198 2174 Aristotcles
1235 2113 1403 2171 dialecticas

250 2251 326 2308 quae¹
358 2235 394 2290 dc
423 2227 586 2289 substantia
620 2223 752 2283 sensibili
785 2220 946 2296 praedicari
979 2224 1106 2292 possunt
1134 2215 1302 2290 quibusque
1332 2215 1404 2273 ded·
1456 2185 1461 2192 Ι

249 2336 329 2394 nitur
350 2366 391 2376 —-
413 2340 458 2391 est
480 2331 558 2390 enim
581 2330 641 2386 iere
664 2325 760 2384 omnis
787 2330 816 2381 et
837 2338 911 2380 usus
935 2329 963 2378 et
985 2319 1199 2393 disquisitionis
1226 2318 1257 2374 in
1280 2316 1404 2390 Gatego-

248 2437 359 2495 riarum
380 2437 454 2492 libro
476 2434 567 2492 laetae
590 2446 679 2488 causa
700 2427 862 2497 dialectica,
891 2439 966 2498 quae
993 2422 1018 2480 si
1041 2429 1119 2479 recte
1146 2421 1252 2478 dicitur
1273 2435 1290 2476 a
1311 2427 1405 2476 meta-

248 2537 370 2612 physico
400 2534 589 2592 fundamento
619 2531 778 2604 procedere
801 2527 869 2602 quia
891 2525 989 2584 verbis
1015 2539 1063 2581 res
1087 2523 1283 2594 declarantur,
1311 2523 1403 2580 rebus

248 2639 338 2698 verba
359 2639 564 2710 provocantur,
587 2630 785 2705 metaphysica
808 2628 926 2702 quidem
949 2633 993 2684 est
1010 2623 1220 2698 categoriarum
1245 2623 1403 2698 disputatio

249 2750 277 2802 at
303 2755 363 2798 non
397 2737 453 2796 alio
480 2733 599 2793 nomine
633 2739 719 2804 atque
747 2729 842 2788 omnis
870 2729 1019 2787 dialectica
1052 2728 1104 2800 (de
1128 2743 1185 2800 qua
1210 2742 1242 2784 re
1264 2727 1300 2784 cl.
1324 2741 1404 2784 nunc

248 2843 426 2918 praeclaram
449 2839 485 2896 dc
507 2834 671 2894 Aristotelis
695 2832 848 2906 categoriis
861 2829 982 2890 Bonitzii
997 2830 1233 2903 disputationem,
1252 2827 1404 2902 Sitzungs·

248 2947 308 3004 ber.
333 2945 386 3002 der
406 2942 477 3016 phil,
500 2940 567 2998 bist.
590 2939 629 2996 kl.
653 2938 704 2995 der
725 2935 844 2992 Wiener
865 2934 945 2991 acad.
970 2928 1053 2990 1853
1076 2931 1167 2990 Bdll
1193 2928 1403 3004 poue-623,

249 3041 405 3108 ott-45.
430 3045 465 3104 cl.
489 3041 613 3101 Braudis
636 3039 722 3098 Arist.
739 3036 768 3110 t,
785 3036 863 3110 404)
885 3069 927 3118 5-
950 3035 1013 3109 ipse
1035 3042 1132 3092 tamen
1156 3033 1326 3106 dignitatem
1344 3035 1403 3092 illis
1508 3067 1509 3074 ι

250 3147 476 3224 metaphysicam
500 3146 531 3204 iu
554 3141 750 3217 disputatione
778 3141 814 3198 de
837 3137 1000 3196 substantia
1032 3138 1141 3195 nullam
1168 3137 1269 3194 tribuit
1292 3135 1406 3193 omnis-

249 3268 307 3327 que
341 3248 488 3308 dividendi
517 3261 585 3304 cura
608 3241 807 3316 metaphysica
833 3255 907 3311 quae
933 3239 1076 3313 principio
1104 3241 1183 3312 quod
1211 3237 1311 3296 dicunt
1333 3253 1405 3295 con·
1508 3255 1509 3266 ι

247 3351 429 3414 tradictionis
461 3351 492 3408 in
514 3347 638 3420 bletapb.
672 3344 757 3403 tertio
791 3340 942 3417 proposito
966 3342 1140 3416 postulatur,
1174 3340 1204 3398 in
1231 3340 1401 3398 discrimino
1508 3337 1509 3356 ¹

247 3455 401 3534 potcstatis
423 3461 452 3513 et
474 3460 556 3513 actus
589 3457 676 3522 alque
699 3445 878 3506 substantiae
902 3444 1052 3502 sensibilis
1076 3452 1104 3503 et
1126 3442 1316 3518 intelligibilis
1339 3459 1401 3512 ma-

247 3563 396 3636 teriaeque
429 3564 457 3617 ct
490 3556 600 3613 formae
629 3557 769 3610 versatur.
818 3549 918 3622 ltaque
953 3547 1010 3605 iam
1044 3562 1110 3604 cum
1144 3546 1209 3620 ipso
1242 3544 1401 3604 Aristotele
1508 3533 1509 3542 ἦ

247 3672 376 3736 auctore,
400 3661 428 3720 id
452 3659 531 3733 quod
553 3653 759 3729 gravissimum
771 3658 825 3724 cst,
844 3650 992 3709 evanescit
1004 3657 1033 3707 et
1044 3649 1174 3726 ipsarum
1186 3649 1400 3722 categoriarum

248 3763 451 3841 superstitiosa
474 3760 551 3833 apud
574 3764 718 3831 posteros
732 3763 761 3814 et
783 3753 894 3818 inutilis
917 3751 1083 3810 auotoritas.

329 3869 392 3928 lam
414 3878 484 3924 vero
506 3860 579 3920 nibil
601 3865 690 3918 restat
716 3857 773 3915 nisi
796 3862 828 3914 ut
850 3871 924 3929 quae
951 3871 1045 3934 supra,
1063 3855 1099 3913 de
1120 3854 1286 3913 Aristotelis
1308 3853 1401 3912 libro·
1508 3911 1509 3920 ¹

246 3990 311 4033 rum
334 3983 457 4030 numero
480 3965 641 4037 ordineque
663 3959 869 4034 chronologico
896 3958 1031 4032 pluribus
1057 3961 1253 4019 demonstrata
1276 3964 1346 4015 sunt
1369 3957 1399 4014 in

246 4092 334 4136 uuam
354 4072 441 4148 quasi
464 4070 589 4128 tabulam
614 4063 712 4124 omnia
734 4063 957 4121 concludamus:
1162 4043 1165 4048 ’
