3072 5164
698 373 741 434 21

136 553 251 604 tantum
279 547 422 618 quaedam
452 545 535 618 quasi
559 545 777 618 biographer),
811 526 892 602 alind
919 545 1035 618 eplcnm
1061 559 1180 602 carmen
1208 559 1298 602 unum

136 655 198 706 arte
221 649 357 706 oondere.
404 647 587 720 Quapropter
608 647 637 706 iu
660 654 778 720 tempus
792 645 958 704 lonicorum
974 646 1135 704 litterarum
1152 652 1183 702 nt
1196 644 1296 718 poesis
1343 641 1346 648 '

137 749 177 808 ita
199 747 337 807 historiae
359 756 389 807 et
410 747 614 823 philosophiae
631 748 720 806 initiis
736 750 847 808 clarum
864 747 1016 808 Homerica
1031 763 1151 821 quoqne
1168 746 1296 806 earmina

137 850 296 908 deserenda
324 865 392 908 esse
419 866 538 910 censeo.
589 852 677 908 Plane
704 850 783 908 enim
810 850 957 924 singulare
983 848 1103 908 Graecis
1133 855 1227 920 esset,
1254 854 1297 906 tot

136 957 274 1024 tantaque
297 951 426 1010 carmina
448 967 500 1025 per
522 954 580 1012 dno
604 954 705 1012 secula
725 955 839 1026 (nsque
861 953 897 1012 ad
914 952 957 1010 Ol.
974 951 1016 1012 20
1031 950 1134 1008 Callini
1151 951 1296 1010 utrolnnt

136 1053 269 1125 tenipus)
292 1053 358 1112 sine
379 1061 544 1112 ceterorum
567 1071 709 1128 generum
731 1070 767 1112 en
790 1053 873 1127 epioe
896 1053 1079 1112 nascentium
1099 1052 1294 1112 aemulatione

135 1160 187 1212 aut
208 1153 340 1228 vestigiis
363 1157 487 1214 durasse
510 1162 682 1230 servataque
705 1171 781 1214 osse.
826 1156 888 1230 ligo
911 1155 1031 1229 quidem
1054 1154 1096 1212 sic
1119 1160 1216 1212 statuo
1232 1153 1293 1226 epi-

136 1269 201 1312 cam
223 1254 338 1328 poesim
370 1257 426 1331 ipsi
454 1257 562 1332 lyricae
589 1259 754 1332 aequalem,
790 1256 818 1316 in
852 1258 931 1330 qnod
965 1257 1072 1329 ipsum·
1095 1261 1212 1328 tempus
1246 1256 1292 1316 rel

135 1356 329 1422 Alexandrini,
346 1358 496 1432 sapienter
518 1359 559 1417 illi
580 1359 791 1424 distribuentes
815 1359 933 1418 ultimos
956 1358 1056 1432 epieos
1078 1365 1193 1431 ponunt
1214 1359 1293 1417 velut

135 1459 367 1532 llugammonem
390 1461 610 1533 Ginaethonem,
632 1461 722 1521 iidem
744 1468 841 1520 mmcn
864 1459 1025 1532 primorum
1048 1459 1205 1534 lyricorum
1219 1460 1293 1518 anti·

135 1560 276 1634 quitatem
306 1562 386 1646 velut
412 1562 515 1621 Callini
537 1561 702 1622 Archilochi
715 1557 740 1635 ¹)
768 1561 891 1620 nimium
918 1567 1075 1634 angentes,
1113 1562 1152 1620 ita
1177 1568 1209 1621 ut
1231 1562 1292 1620 lere

135 1669 166 1720 et
190 1662 248 1735 ipsi
274 1665 407 1722 nondum
433 1664 589 1738 scripsisse
616 1666 713 1738 (quod
739 1671 837 1722 tamen
864 1663 1026 1722 absurdum
1052 1666 1112 1736 est)
1145 1662 1291 1738 cogitandi

135 1763 231 1822 iurent
253 1797 295 1809 --
317 1765 377 1824 iere
399 1766 476 1826 inter
498 1766 541 1824 Ol.
559 1763 601 1826 50
616 1763 701 1828 orso
724 1765 872 1836 floruisse,
895 1762 1004 1823 vixisse
1018 1764 1179 1824 Homermn
1194 1764 1291 1824 iliadis

135 1872 251 1938 poetam
278 1867 410 1926 lonicum
436 1867 518 1926 illum
546 1867 604 1925 iam
630 1867 660 1924 in
688 1869 796 1942 hymno
824 1867 861 1926 ad
882 1865 1046 1938 Apollinem
1073 1866 1144 1926 satis
1171 1865 1291 1940 quidem

136 1966 247 2024 recenti
268 1967 435 2028 l'ahnlosnm
457 1987 482 2028 c.
506 1985 616 2030 annum
639 1968 703 2046 600
725 1987 750 2027 a.
775 1967 841 2026 Chr.
865 1984 894 2026 n.
918 1966 982 2040 (cui
1005 1967 1130 2047 tempori
1151 1968 1228 2026 inter
1242 1984 1291 2026 ve-

135 2073 215 2126 teres
236 2069 416 2143 Theopompi
440 2069 580 2130 112211)
602 2071 727 2130 maxime
749 2069 918 2128 coniectura
939 2084 976 2127 cx
999 2085 1057 2142 qua
1078 2069 1224 2128 Homerus
1245 2076 1292 2126 est

135 2169 301 2228 Archilochi
329 2172 460 2245 aequalis
488 2173 524 2232 el.
548 2172 657 2232 Tatian.
686 2172 734 2232 Or.
764 2173 828 2230 adv.
853 2171 979 2230 Graecos
1002 2188 1030 2243 p.
1047 2168 1109 2230 269
1131 2173 1179 2230 ed.
1196 2155 1290 2240 1712,

136 2270 212 2330 inter
233 2279 367 2332 recentes
390 2273 481 2332 Grotii
504 2275 537 2346 ll,
555 2270 616 2332 181
641 2273 716 2332 inter
736 2275 783 2334 01.
798 2269 978 2334 850—776
1005 2273 1143 2348 ponentis
1164 2272 1291 2344 accedit)

137 2373 296 2432 oriundum
319 2374 439 2447 quidem
462 2391 498 2432 ex
520 2374 601 2433 ionia
615 2373 715 2434 Aeolis
737 2373 844 2434 confini
869 2376 918 2433 uhi
934 2383 1004 2434 suut
1019 2375 1108 2434 Chios
1124 2381 1153 2432 et
1167 2376 1291 2447 Smyrna

137 2476 286 2550 huiusque
319 2476 474 2534 dialectum
500 2483 531 2534 et
558 2475 692 2536 Aeolieae
723 2475 852 2549 regionis
886 2477 1017 2538 notitiam
1044 2474 1292 2536 accuratissimam

136 2577 312 2636 relerentem
335 2575 797 2651 (cl.GieseAeol.D.l79.195)‚
820 2579 870 2652 qni
894 2580 1006 2638 iabnlas
1030 2580 1066 2638 de
1087 2578 1166 2638 hello
1188 2576 1291 2634 Troico

136 2679 318 2738 coloniarum
328 2679 511 2740 Aeolicarnm
524 2687 555 2739 nt
564 2679 749 2738 Ponticorum
759 2680 971 2754 Argonautieae
981 2681 1113 2739 iuniores
1122 2678 1292 2738 memoriam

137 2781 285 2854 quandem
307 2782 462 2840 obscuram
486 2790 637 2842 servantes
660 2784 807 2854 longoque
829 2783 1014 2856 popularium
1030 2783 1066 2840 de
1082 2781 1207 2854 singulis
1223 2779 1292 2838 viris

137 2883 290 2956 gestisque
312 2882 473 2942 danninum
497 2899 553 2942 nsn
576 2885 710 2956 traditas,
733 2885 857 2944 sortasse
880 2885 967 2942 etiam
990 2901 1025 2942 ex
1048 2891 1129 2956 parte
1152 2898 1202 2941 eas
1225 2898 1292 2955 pcr-

137 2984 284 3042 scriheudi
319 2983 408 3042 initiis
442 2985 619 3058 quibusdam
652 2987 895 3058 praecedentibus
932 2988 984 3058 (cl.
1012 2985 1092 3058 quod
1117 2982 1223 3042 dieitur
1249 3014 1292 3030 -ω

138 3086 227 3159 lllage
250 3083 335 3145 2145
362 3117 403 3128 -
433 3103 548 3146 carmen
577 3087 700 3146 latinum
727 3090 763 3146 de
786 3088 985 3161 Nihelnugicis
1012 3085 1136 3158 nostris)
1159 3101 1238 3144 uuae
1260 3083 1289 3143 in

138 3203 230 3244 mum
254 3203 371 3246 summa
391 3197 452 3247 orte
475 3205 612 3262 novoque
640 3190 776 3248 narrandi
801 3206 909 3264 genere
932 3196 961 3248 et
983 3202 1119 3248 sermone
1138 3193 1293 3259 metroque

137 3303 244 3347 recens
267 3289 384 3348 condito
408 3292 503 3364 (quod
525 3290 603 3368 sicut
624 3291 684 3350 iere
707 3291 930 3364 Niheluugicnm
952 3296 1077 3348 metrum
1092 3289 1216 3348 aliomm
1231 3305 1292 3348 me·

139 3397 253 3450 homin
274 3391 365 3466 lyrico
387 3392 445 3452 iam
467 3392 535 3450 usui
558 3407 617 3452 non
639 3395 798 3466 repugnat)
827 3395 934 3452 iactum
955 3407 1072 3451 carmen
1095 3390 1207 3464 redegit
1228 3406 1293 3462 per·

137 3493 318 3568 scripsitque
339 3503 369 3555 ot
390 3498 430 3555 ita
450 3493 570 3572 quidem
593 3502 626 3552 ut
647 3511 744 3568 neque
759 3495 925 3569 aequalium
941 3493 1068 3553 earmina
1082 3507 1181 3566 neque
1196 3500 1294 3552 velera

215 3813 234 3882 ¹)
254 3815 419 3864 Archilochum
445 3816 541 3878 quidem
569 3817 616 3864 ium
640 3816 694 3864 inde
717 3815 746 3862 ab
770 3814 888 3863 Herodoto
907 3811 944 3878 (l,
959 3813 1004 3877 12]
1032 3821 1127 3876 propter
1151 3812 1294 3860 alentionem

142 3902 261 3964 quaedam
281 3902 351 3964 Gygis
368 3901 469 3952 labnlosi
491 3903 552 3952 illius
571 3902 678 3952 iecerunt
695 3901 818 3966 aequalem
836 3899 885 3966 (01.
899 3899 958 3968 23)·,
983 3901 1024 3950 sed
1043 3900 1120 3949 onrms
1138 3898 1254 3962 Lydorum
1271 3906 1296 3948 et

143 3989 240 4038 historia
265 3988 345 4038 labala
368 3996 404 4038 est
428 3995 452 4036 ct
474 3989 627 4052 chronologia
648 3995 674 4040 ut
697 3997 829 4038 ceterorum
855 3989 1008 4038 harbarorum
1028 3995 1053 4038 et
1071 3987 1175 4050 ipsorum
1193 3992 1296 4037 veterum

145 4075 286 4123 Graecorum
311 4075 398 4123 incerta
422 4075 509 4138 qnippe
529 4073 559 4122 ad
583 4075 659 4136 cyclos
683 4074 797 4138 quosdam
821 4075 890 4138 plane
908 4074 1030 4123 arbitrario
1056 4074 1098 4138 (cl.
1118 4073 1143 4119 C.
1164 4071 1245 4119 Aliiller
1263 4071 1297 4118 in-

146 4161 205 4210 trod.
232 4164 255 4210 in
275 4158 303 4210 lr.
323 4161 506 4224 cluonograph.)
538 4162 651 4210 adornata
682 4159 724 4225 (cl.
745 4159 772 4208 Ac
792 4161 861 4223 Lydis
886 4161 911 4210 C.
931 4159 1012 4209 Aliiller
1036 4159 1063 4206 [ι’.
1082 4159 1136 4206 hist.
1156 4157 1175 4216 l,
1196 4155 1242 4206 581
1268 4155 1295 4204 ir.

147 4248 227 4297 chron.
240 4249 299 4318 144.
311 4247 361 4298 lta
375 4248 436 4312 sq).
474 4247 507 4296 Ad
527 4251 587 4298 hanc
599 4247 715 4312 Lydorum
727 4255 827 4296 aetatem
846 4249 948 4296 Homero
958 4245 1080 4309 aequalem
1099 4249 1206 4307 spectant
1225 4245 1298 4292 l‘lroc-

147 4335 261 4385 nieimmn
281 4335 429 4397 commercia,
448 4338 553 4401 Γυγαίη
571 4337 670 4405 λίμνη,
693 4333 771 4396 lingna
789 4335 898 4398 deorum,
917 4333 1094 4384 Atheniensium
1113 4338 1205 4394 partes,
1228 4333 1298 4381 Cares

148 4421 242 4472 hathui
251 4429 300 4474 oter
