3036 5164
685 337 759 400 tat

130 503 288 578 principiis
310 505 506 578 antiquorum.
552 509 594 566 Ex
617 510 663 568 bis
685 517 781 570 autem
798 511 900 568 cadem
916 526 1004 570 causa
1020 527 1076 586 qua
1091 511 1158 570 libri
1170 501 1199 572 δ’
1212 501 1287 585 eta',

129 622 195 664 non
222 613 269 664 est
295 595 450 679 genuinus
470 609 543 668 liber
563 599 598 687 μ’
628 611 695 670 licet
726 613 795 671 boni
828 613 955 672 auctoris
983 620 1012 672 ct
1037 622 1201 673 accuratam
1224 631 1288 688 gra·

128 721 261 781 vemque
288 723 424 770 sermone
452 712 538 784 plane
566 713 749 772 Aristotelian
776 715 956 774 instituentis
978 715 1214 790 disputationem,
1237 717 1287 789 qui

126 817 231 868 tamen
254 810 352 883 ipsum
364 811 528 873 Aristotelis
552 831 588 874 ex
610 816 684 874 libro
706 817 801 890 primo
814 817 850 874 de
862 817 993 876 idearum
1004 818 1177 876 refutatione
1189 819 1286 876 locum

123 911 276 985 integrum
299 914 409 988 quique
431 932 528 990 neque
550 917 597 974 bic
620 933 716 992 neque
738 919 797 976 illic
820 919 879 976 ullo
895 920 1094 992 modopotest
1115 920 1207 978 omitti
1231 937 1285 979 nec

126 1015 167 1072 ab
184 1014 241 1072 alio
263 1015 321 1074 nisi
345 1016 410 1090 ipso
434 1017 499 1076 libri
522 1027 641 1078 auclore
663 1019 760 1078 illatus
777 1029 830 1092 est,
853 1021 932 1080 bunc
954 1021 1026 1095 ipsis
1042 1022 1139 1080 verbis
1154 1022 1182 1080 in
1196 1039 1283 1080 usum

126 1131 219 1174 suum
243 1119 394 1178 convertit.
439 1119 535 1188 Quum
559 1128 656 1179 antem
678 1129 793 1180 constet
808 1122 964 1196 scripsisse
980 1123 1165 1183 Aristotelem
1176 1125 1282 1183 librum

124 1219 278 1290 quendam
307 1221 411 1280 similis
443 1223 688 1296 argumentique
715 1225 908 1299 redintegrata
937 1226 973 1282 de
996 1227 1127 1286 numeris
1149 1227 1282 1301 ideisque

125 1307 328 1393 disputatione
355 1323 540 1397 maximaque
568 1325 777 1400 principiorum
804 1327 1006 1386 contrarietate
1032 1329 1140 1387 reiecta
1167 1337 1195 1388 et
1216 1331 1282 1403 plu·

123 1423 250 1493 ralitate,
278 1439 375 1498 aqua
397 1427 498 1500 incipit
521 1429 538 1486 l.
563 1418 589 1486 ν’
619 1444 765 1502 quamque
790 1437 945 1503 praeparat
970 1429 1036 1488 libri
1059 1419 1082 1490 ι’
1111 1432 1147 1488 de
1170 1439 1280 1488 annet

123 1525 272 1582 contrario
296 1525 463 1600 disputatio,
492 1545 579 1588 oinne
601 1531 863 1606 Metapbysicorum
892 1546 967 1603 opus
990 1532 1074 1604 quasi
1097 1531 1280 1593 coronaverit

123 1628 178 1697 (cl.
196 1625 225 1698 6,
243 1627 271 1685 2.
289 1627 384 1700 6,11.
402 1629 431 1703 t,
449 1631 493 1705 1.),
517 1647 607 1706 quum
631 1648 719 1706 porro
742 1633 808 1691 libri
830 1622 864 1708 μ’
887 1641 916 1690 et
930 1622 956 1690 ν’
979 1633 1056 1694 inter
1077 1647 1110 1690 se
1121 1632 1277 1692 manifesto

122 1728 213 1788 alieni
236 1729 314 1788 idem
338 1733 393 1791 boc
415 1742 539 1809 uterquc
562 1742 766 1809 argumentum
788 1742 921 1806 tractent,
944 1736 1067 1791 alterum
1082 1749 1152 1792 vero
1167 1734 1278 1794 Aristo·
1338 1774 1342 1782 -

122 1832 193 1890 telis
216 1847 282 1890 esse
305 1844 534 1896 consentaneum
558 1838 604 1910 sit,
628 1853 688 1894 non
711 1837 811 1895 dubito
834 1835 981 1909 praeferre
1002 1835 1110 1892 librum
1132 1825 1158 1894 ν’
1182 1851 1277 1909 eoque

124 1931 235 1991 librum
256 1949 365 1994 nonum
378 1939 557 2012 continuare,
581 1947 701 1998 externo
714 1939 763 1997 illo
775 1944 946 2011 argumento
960 1937 1068 2010 quippe
1080 1939 1158 2010 quad
1170 1938 1275 1999 rationi

122 2049 290 2108 congruum
312 2037 348 2098 sit
371 2055 467 2114 neque
495 2041 525 2098 in
548 2048 679 2116 tempore
702 2039 862 2112 ordineque
884 2038 1027 2097 librorum
1050 2054 1066 2096 e
1088 2038 1275 2098 citationibus

120 2136 292 2196 deliniendo
313 2155 408 2215 neque
422 2143 451 2200 in
474 2143 643 2202 auctoritate
655 2141 810 2199 iudicanda
825 2141 971 2199 considere
983 2139 1103 2199 veritus.
1126 2141 1198 2198 Novi
1210 2141 1275 2198 libri

118 2238 239 2297 initium
266 2248 297 2299 ot
319 2242 374 2302 iam
403 2252 518 2304 veteres
545 2234 664 2318 quidam
696 2244 816 2302 reluere
839 2243 927 2314 (Bon.
950 2259 978 2315 p.
996 2238 1073 2310 565)
1097 2258 1165 2302 esse
1187 2232 1231 2319 μ’,
1254 2242 1273 2302 9

116 2357 146 2414 p.
166 2339 260 2415 1086,
277 2342 316 2402 21
340 2347 420 2404 nulla
447 2354 492 2406 est
514 2346 665 2404 dubitatio.
710 2345 891 2416 Quamquam
919 2357 989 2400 vero
1012 2343 1078 2402 libri
1098 2363 1122 2422 μ
1145 2345 1274 2404 clausula

117 2444 246 2517 amplior
277 2446 385 2506 omnis·
408 2449 445 2505 de
477 2447 609 2506 numeris
643 2447 728 2518 (item
755 2447 791 2503 de
818 2444 892 2502 ideis
912 2441 1080 2517 laton.)
1115 2447 1273 2518 disputatio

116 2554 266 2620 tamquam
291 2563 505 2621 supervacanea
527 2548 666 2620 relicitur,
689 2555 784 2605 tamen
808 2560 878 2620 vero
901 2546 983 2604 initio
1000 2547 1048 2605 illo
1064 2547 1129 2606 libri
1145 2544 1185 2608 13
1201 2549 1273 2607 baec

116 2649 221 2706 eadem
252 2649 385 2722 quaestio
419 2650 524 2709 iisdem
551 2651 612 2709 iere
637 2648 735 2708 verbis
763 2647 871 2722 quibus
887 2647 938 2721 12,
954 2647 972 2708 1
1001 2656 1029 2707 et
1055 2651 1159 2710 eodern
1186 2651 1273 2723 plane

117 2751 246 2810 consilio
269 2751 395 2810 indicato
418 2759 566 2826 tamquam
588 2765 664 2810 nova
684 2767 740 2810 nec
761 2751 924 2810 accuratius
940 2760 1023 2810 antea
1040 2757 1157 2808 tractata
1173 2751 1271 2808 donno

115 2853 288 2926 instituitur,
313 2853 352 2912 ita
374 2854 492 2927 quidem
516 2855 672 2912 utendam
695 2853 781 2912 etiam
804 2853 1036 2930 clausulamulla
1051 2859 1201 2926 praeterea
1215 2851 1271 2910 alia

115 2957 155 3014 de
181 2955 391 3014 mathematicis
424 2955 481 3012 dici
514 2971 604 3029 posse
632 2971 705 3028 quae
733 2971 774 3014 sc.
798 2969 1015 3029 supervacanea
1038 2953 1096 3012 sint
1119 2961 1269 3014 asserente

115 3058 206 3117 altera
229 3059 300 3116 baec
323 3059 360 3114 de
381 3057 538 3116 Platonicis
562 3058 718 3132 disputatio
743 3065 771 3115 et
792 3056 858 3130 ipsa
879 3055 1055 3129 perficiatur.
1093 3055 1176 3114 Falsa
1191 3055 1270 3114 enim

115 3167 165 3218 est
189 3159 306 3232 Ephesii
331 3158 476 3217 subtilitas
504 3161 608 3234 (quarn
635 3161 736 3219 Bonitz
772 3174 889 3232 quoquc
923 3159 998 3216 male
1032 3164 1130 3218 tuetur
1157 3156 1268 3214 Comrn.

113 3279 144 3334 p.
164 3257 223 3320 565
237 3261 298 3334 sq.)
326 3262 356 3319 in
383 3262 488 3320 borum
512 3263 652 3322 librorum
686 3261 849 3320 differentia
876 3260 1054 3332 definienda,
1090 3275 1181 3332 quum
1209 3275 1269 3317 non

114 3361 193 3420 dicat
219 3369 322 3420 auctor
349 3363 414 3420 libri
437 3352 464 3421 ν’
492 3379 525 3422 se
551 3380 611 3422 non
638 3364 695 3424 iam
724 3365 760 3422 de
787 3363 861 3420 ideis
889 3369 1037 3434 tamqnam
1065 3375 1163 3418 rerum
1190 3360 1270 3433 prin-

113 3463 200 3536 cipiis
223 3465 274 3522 sed
298 3467 335 3522 de
358 3465 510 3540 principiis
532 3466 664 3525 idearum
687 3481 766 3523 nunc
784 3464 994 3538 expositurum,
1017 3462 1270 3534 immoinpropo-

114 3566 212 3623 nenda
245 3567 417 3638 quaestione
439 3599 481 3609 -
509 3575 537 3626 et
564 3569 635 3626 baec
669 3567 732 3625 sola
764 3582 817 3640 pra
851 3565 910 3622 fine
943 3563 1008 3622 libri
1037 3562 1210 3638 proponitur
1232 3563 1267 3620 cl.

113 3662 210 3738 1086,
227 3665 268 3724 et
291 3659 355 3730 ὅσα
378 3662 416 3730 δὲ
439 3676 492 3727 ete.
517 3703 557 3711 —
580 3670 677 3728 sintne
699 3666 902 3734 mathematica
924 3666 1065 3740 principia
1088 3674 1116 3724 et
1142 3665 1182 3722 ita
1205 3663 1269 3737 qui-

112 3769 180 3826 dem
203 3768 354 3830 refutanda
377 3778 410 3829 ut
432 3786 491 3828 non
515 3779 594 3830 reete
617 3787 650 3829 ea
673 3772 760 3830 statui
783 3770 951 3844 primasque
974 3766 1153 3827 substantias
1169 3766 1268 3824 baberi

112 3885 150 3928 ex
173 3868 237 3945 ipsa
259 3886 361 3930 eorum
385 3881 489 3932 natura
512 3874 738 3947 demonstretur,
766 3871 905 3931 nonnisi
928 3870 1057 3944 tangitur
1080 3865 1190 3944 (1086,
1213 3864 1269 3939 28)

112 3971 268 4031 difficultas
291 3973 339 4032 illa
363 3991 437 4048 quae
461 3990 497 4033 ex
519 3975 585 4050 ipsa
607 3991 798 4035 numerorum
821 3980 923 4032 natura
947 3973 1073 4032 sumitur
1095 3969 1268 4042 additurque

112 4073 170 4148 ipsi
192 4075 299 4148 placito
323 4074 407 4148 quasi
430 4077 567 4137 accidens
594 4079 674 4152 quod
696 4094 733 4136 ex
755 4077 820 4151 ipso
843 4074 1054 4148 principiorum
1076 4071 1195 4129 nomine
1217 4085 1268 4128 ne-

112 4176 242 4236 cessario
266 4185 414 4250 sequatur.
446 4165 532 4239 'illud
556 4180 644 4254 igitur
666 4181 745 4254 quod
769 4178 932 4238 secundum
955 4173 1120 4233 Platonicos
1136 4171 1267 4230 idearum

111 4285 141 4338 et
163 4292 352 4336 numerorum
376 4281 519 4341 elementa
543 4282 601 4340 sint
624 4297 721 4340 rerum
745 4282 897 4348 elementa,
921 4292 980 4336 non
997 4277 1059 4348 ipsa
1075 4283 1121 4334 est
1135 4273 1268 4348 quaestio

110 4379 165 4438 sed
187 4379 324 4438 accidens
347 4382 529 4455 quaestionis
552 4384 668 4457 taloque
689 4381 864 4456 proponitur
876 4386 904 4438 el
916 4380 980 4438 solo
993 4394 1017 4436 e.
1030 4376 1049 4436 2
1062 4377 1113 4448 (cl.
1128 4393 1153 4434 c.
1169 4373 1187 4434 5
1201 4376 1266 4446 6η.)
