<?xml version="1.0" encoding="UTF-8"?>
<!DOCTYPE html PUBLIC "-//W3C//DTD XHTML 1.0 Transitional//EN"
    "http://www.w3.org/TR/xhtml1/DTD/xhtml1-transitional.dtd">
<html xmlns="http://www.w3.org/1999/xhtml" xml:lang="en" lang="en">
 <head>
  <title>
</title>
<meta http-equiv="Content-Type" content="text/html;charset=utf-8" />
  <meta name='ocr-system' content='tesseract 3.04.00' />
  <meta name='ocr-capabilities' content='ocr_page ocr_carea ocr_par ocr_line ocrx_word'/>
</head>
<body>
  <div class='ocr_page' id='page_1' title='image "./dearistotelisli01rosegoog_0235.png"; bbox 0 0 3024 5162; ppageno 0'>
   <div class='ocr_carea' id='block_1_1' title="bbox 771 372 834 434">
    <p class='ocr_par' dir='ltr' id='par_1_1' title="bbox 771 372 834 434">
     <span class='ocr_line' id='line_1_1' title="bbox 771 372 834 434; baseline 0 0"><span class='ocrx_word' id='word_1_1' title='bbox 771 372 834 434; x_wconf 84' lang='grc'>230</span> 
     </span>
    </p>
   </div>
   <div class='ocr_carea' id='block_1_2' title="bbox 230 525 1505 624">
    <p class='ocr_par' dir='ltr' id='par_1_2' title="bbox 230 525 1505 624">
     <span class='ocr_line' id='line_1_2' title="bbox 230 525 1505 624; baseline -0.025 -14"><span class='ocrx_word' id='word_1_2' title='bbox 230 552 260 610; x_wconf 93' lang='lat' dir='ltr'>in</span> <span class='ocrx_word' id='word_1_3' title='bbox 283 552 339 610; x_wconf 89' lang='lat' dir='ltr'>hoo</span> <span class='ocrx_word' id='word_1_4' title='bbox 361 551 434 609; x_wconf 88' lang='lat' dir='ltr'>libro</span> <span class='ocrx_word' id='word_1_5' title='bbox 456 556 486 608; x_wconf 87' lang='lat' dir='ltr'>et</span> <span class='ocrx_word' id='word_1_6' title='bbox 506 551 537 608; x_wconf 90' lang='lat' dir='ltr'>in</span> <span class='ocrx_word' id='word_1_7' title='bbox 560 557 663 624; x_wconf 88' lang='lat' dir='ltr'>quarto</span> <span class='ocrx_word' id='word_1_8' title='bbox 691 550 727 607; x_wconf 89' lang='lat' dir='ltr'>de</span> <span class='ocrx_word' id='word_1_9' title='bbox 749 545 881 622; x_wconf 85' lang='lat' dir='ltr'>partibus</span> <span class='ocrx_word' id='word_1_10' title='bbox 908 541 1060 602; x_wconf 75' lang='lat' dir='ltr'>citationes</span> <span class='ocrx_word' id='word_1_11' title='bbox 1082 543 1214 596; x_wconf 85' lang='lat' dir='ltr'>mutuae:</span> <span class='ocrx_word' id='word_1_12' title='bbox 1241 543 1309 589; x_wconf 85' lang='lat' dir='ltr'>narn</span> <span class='ocrx_word' id='word_1_13' title='bbox 1336 525 1398 584; x_wconf 85' lang='lat' dir='ltr'>ubi</span> <span class='ocrx_word' id='word_1_14' title='bbox 1504 569 1505 582; x_wconf 70' lang='grc'>,</span> 
     </span>
    </p>
   </div>
   <div class='ocr_carea' id='block_1_3' title="bbox 233 631 1405 1346">
    <p class='ocr_par' dir='ltr' id='par_1_3' title="bbox 233 631 1405 1346">
     <span class='ocr_line' id='line_1_3' title="bbox 233 631 1401 727; baseline -0.023 -15"><span class='ocrx_word' id='word_1_15' title='bbox 233 660 349 727; x_wconf 89' lang='lat' dir='ltr'>tempus</span> <span class='ocrx_word' id='word_1_16' title='bbox 371 659 503 712; x_wconf 85' lang='lat' dir='ltr'>accurate</span> <span class='ocrx_word' id='word_1_17' title='bbox 527 650 677 712; x_wconf 83' lang='lat' dir='ltr'>definitum</span> <span class='ocrx_word' id='word_1_18' title='bbox 699 658 758 724; x_wconf 84' lang='lat' dir='ltr'>cst,</span> <span class='ocrx_word' id='word_1_19' title='bbox 787 645 872 721; x_wconf 91' lang='lat' dir='ltr'>sequi</span> <span class='ocrx_word' id='word_1_20' title='bbox 892 645 1001 703; x_wconf 87' lang='lat' dir='ltr'>librum</span> <span class='ocrx_word' id='word_1_21' title='bbox 1024 643 1060 700; x_wconf 90' lang='lat' dir='ltr'>de</span> <span class='ocrx_word' id='word_1_22' title='bbox 1082 640 1202 699; x_wconf 81' lang='lat' dir='ltr'><strong>incessu</strong></span> <span class='ocrx_word' id='word_1_23' title='bbox 1225 631 1401 692; x_wconf 81' lang='lat' dir='ltr'>affirmatur</span> 
     </span>
     <span class='ocr_line' id='line_1_4' title="bbox 234 721 1402 838; baseline -0.019 -26"><span class='ocrx_word' id='word_1_24' title='bbox 234 754 297 812; x_wconf 88' lang='lat' dir='ltr'>soil.</span> <span class='ocrx_word' id='word_1_25' title='bbox 321 756 358 814; x_wconf 88' lang='lat' dir='ltr'>de</span> <span class='ocrx_word' id='word_1_26' title='bbox 379 750 621 815; x_wconf 69' lang='lat' dir='ltr'>insumere</span> <span class='ocrx_word' id='word_1_27' title='bbox 644 743 772 838; x_wconf 74' lang='grc' dir='ltr'><strong><em>ε’ίρριαι</em></strong></span> <span class='ocrx_word' id='word_1_28' title='bbox 795 744 832 812; x_wconf 80' lang='grc' dir='ltr'>δὲ</span> <span class='ocrx_word' id='word_1_29' title='bbox 853 739 932 830; x_wconf 80' lang='grc' dir='ltr'><strong><em>περί</em></strong></span> <span class='ocrx_word' id='word_1_30' title='bbox 953 733 1061 808; x_wconf 79' lang='grc' dir='ltr'><strong><em>αὐτῶν</em></strong></span> <span class='ocrx_word' id='word_1_31' title='bbox 1083 728 1245 823; x_wconf 77' lang='grc' dir='ltr'><strong><em>πρότερον</em></strong></span> <span class='ocrx_word' id='word_1_32' title='bbox 1266 721 1402 795; x_wconf 60' lang='lat' dir='ltr'>inderi-</span> 
     </span>
     <span class='ocr_line' id='line_1_5' title="bbox 235 835 1403 936; baseline -0.026 -15"><span class='ocrx_word' id='word_1_33' title='bbox 235 874 359 936; x_wconf 67' lang='lat' dir='ltr'>Qotcr:</span> <span class='ocrx_word' id='word_1_34' title='bbox 378 857 414 916; x_wconf 92' lang='lat' dir='ltr'>de</span> <span class='ocrx_word' id='word_1_35' title='bbox 437 854 663 930; x_wconf 81' lang='lat' dir='ltr'>part.4,iiin.;</span> <span class='ocrx_word' id='word_1_36' title='bbox 696 871 751 914; x_wconf 91' lang='lat' dir='ltr'>nee</span> <span class='ocrx_word' id='word_1_37' title='bbox 777 858 922 928; x_wconf 82' lang='lat' dir='ltr'><strong>repugnat</strong></span> <span class='ocrx_word' id='word_1_38' title='bbox 948 849 1027 924; x_wconf 89' lang='lat' dir='ltr'>quod</span> <span class='ocrx_word' id='word_1_39' title='bbox 1054 845 1083 904; x_wconf 91' lang='lat' dir='ltr'>in</span> <span class='ocrx_word' id='word_1_40' title='bbox 1118 849 1220 917; x_wconf 87' lang='lat' dir='ltr'>quarto</span> <span class='ocrx_word' id='word_1_41' title='bbox 1252 838 1330 897; x_wconf 87' lang='lat' dir='ltr'>liber</span> <span class='ocrx_word' id='word_1_42' title='bbox 1359 835 1403 892; x_wconf 89' lang='lat' dir='ltr'>de</span> 
     </span>
     <span class='ocr_line' id='line_1_6' title="bbox 236 929 1405 1037; baseline -0.016 -21"><span class='ocrx_word' id='word_1_43' title='bbox 236 957 356 1018; x_wconf 82' lang='lat' dir='ltr'><strong>incessu</strong></span> <span class='ocrx_word' id='word_1_44' title='bbox 379 958 484 1017; x_wconf 84' lang='lat' dir='ltr'>citetur</span> <span class='ocrx_word' id='word_1_45' title='bbox 506 957 552 1032; x_wconf 82' lang='grc'>(4,</span> <span class='ocrx_word' id='word_1_46' title='bbox 570 956 619 1016; x_wconf 95' lang='grc'>11.</span> <span class='ocrx_word' id='word_1_47' title='bbox 638 957 724 1018; x_wconf 90' lang='grc'><strong>6901)</strong></span> <span class='ocrx_word' id='word_1_48' title='bbox 740 953 781 1018; x_wconf 88' lang='grc'>15</span> <span class='ocrx_word' id='word_1_49' title='bbox 808 943 828 1037; x_wconf 80' lang='grc' dir='ltr'><em>ἡ</em></span> <span class='ocrx_word' id='word_1_50' title='bbox 859 944 892 1016; x_wconf 86' lang='lat' dir='ltr'>d³</span> <span class='ocrx_word' id='word_1_51' title='bbox 918 942 1009 1013; x_wconf 77' lang='grc' dir='ltr'><strong><em>αἰτία</em></strong></span> <span class='ocrx_word' id='word_1_52' title='bbox 1031 945 1089 1028; x_wconf 80' lang='grc' dir='ltr'>τῆς</span> <span class='ocrx_word' id='word_1_53' title='bbox 1112 935 1258 1017; x_wconf 66' lang='grc' dir='ltr'><strong><em>ἀπαιδίας</em></strong></span> <span class='ocrx_word' id='word_1_54' title='bbox 1279 929 1405 1002; x_wconf 80' lang='grc' dir='ltr'><strong><em>αὐτῶν</em></strong></span> 
     </span>
     <span class='ocr_line' id='line_1_7' title="bbox 238 1035 1405 1142; baseline -0.019 -21"><span class='ocrx_word' id='word_1_55' title='bbox 238 1089 280 1100; x_wconf 81' lang='lat'><strong><em>-</em></strong></span> <span class='ocrx_word' id='word_1_56' title='bbox 302 1076 344 1120; x_wconf 89' lang='lat' dir='ltr'>se.</span> <span class='ocrx_word' id='word_1_57' title='bbox 367 1056 432 1120; x_wconf 78' lang='grc' dir='ltr'>τῶν</span> <span class='ocrx_word' id='word_1_58' title='bbox 455 1045 566 1142; x_wconf 80' lang='grc' dir='ltr'>ι’)’φιων</span> <span class='ocrx_word' id='word_1_59' title='bbox 592 1091 633 1102; x_wconf 91' lang='grc'>-</span> <span class='ocrx_word' id='word_1_60' title='bbox 655 1050 783 1140; x_wconf 71' lang='grc' dir='ltr'><strong><em>εἴρηται</em></strong></span> <span class='ocrx_word' id='word_1_61' title='bbox 812 1049 847 1118; x_wconf 79' lang='grc' dir='ltr'>ἐν</span> <span class='ocrx_word' id='word_1_62' title='bbox 872 1054 942 1130; x_wconf 81' lang='grc' dir='ltr'><strong><em>τοῖς</em></strong></span> <span class='ocrx_word' id='word_1_63' title='bbox 971 1047 1048 1133; x_wconf 85' lang='grc' dir='ltr'><strong><em>περὶ</em></strong></span> <span class='ocrx_word' id='word_1_64' title='bbox 1074 1048 1132 1132; x_wconf 78' lang='grc' dir='ltr'>τῆς</span> <span class='ocrx_word' id='word_1_65' title='bbox 1159 1035 1298 1126; x_wconf 77' lang='grc' dir='ltr'><strong><em>πορείας</em></strong></span> <span class='ocrx_word' id='word_1_66' title='bbox 1321 1038 1405 1102; x_wconf 75' lang='grc' dir='ltr'>τῶν</span> 
     </span>
     <span class='ocr_line' id='line_1_8' title="bbox 240 1135 1405 1245; baseline -0.015 -26"><span class='ocrx_word' id='word_1_67' title='bbox 240 1149 331 1236; x_wconf 84' lang='grc' dir='ltr'><strong><em>ζώων</em></strong></span> <span class='ocrx_word' id='word_1_68' title='bbox 354 1154 587 1245; x_wconf 74' lang='grc' dir='ltr'><strong><em>διωρισμένως</em></strong></span> <span class='ocrx_word' id='word_1_69' title='bbox 608 1157 905 1233; x_wconf 63' lang='lat' dir='ltr'>nantuensis</span> <span class='ocrx_word' id='word_1_70' title='bbox 927 1159 964 1216; x_wconf 83' lang='grc' dir='ltr'><strong><em>οο</em></strong></span> <span class='ocrx_word' id='word_1_71' title='bbox 982 1157 1138 1218; x_wconf 87' lang='lat' dir='ltr'>eademre:</span> <span class='ocrx_word' id='word_1_72' title='bbox 1161 1143 1199 1211; x_wconf 79' lang='lat' dir='ltr'>cd</span> <span class='ocrx_word' id='word_1_73' title='bbox 1223 1139 1253 1210; x_wconf 79' lang='grc' dir='ltr'>δ’</span> <span class='ocrx_word' id='word_1_74' title='bbox 1279 1135 1405 1206; x_wconf 75' lang='grc' dir='ltr'><strong><em>α’ίοιον</em></strong></span> 
     </span>
     <span class='ocr_line' id='line_1_9' title="bbox 240 1245 1404 1346; baseline -0.015 -24"><span class='ocrx_word' id='word_1_75' title='bbox 240 1255 275 1323; x_wconf 78' lang='grc' dir='ltr'>ἐν</span> <span class='ocrx_word' id='word_1_76' title='bbox 295 1261 366 1336; x_wconf 79' lang='grc' dir='ltr'><strong><em>τοῖς</em></strong></span> <span class='ocrx_word' id='word_1_77' title='bbox 386 1259 465 1346; x_wconf 83' lang='grc' dir='ltr'><strong><em>περὶ</em></strong></span> <span class='ocrx_word' id='word_1_78' title='bbox 486 1253 626 1346; x_wconf 77' lang='grc' dir='ltr'><strong><em>πορείας</em></strong></span> <span class='ocrx_word' id='word_1_79' title='bbox 647 1256 704 1323; x_wconf 81' lang='grc' dir='ltr'>καὶ</span> <span class='ocrx_word' id='word_1_80' title='bbox 726 1251 885 1343; x_wconf 75' lang='grc' dir='ltr'><strong><em>κινήσεως</em></strong></span> <span class='ocrx_word' id='word_1_81' title='bbox 906 1257 971 1320; x_wconf 82' lang='grc' dir='ltr'>τῶν</span> <span class='ocrx_word' id='word_1_82' title='bbox 987 1247 1079 1336; x_wconf 82' lang='grc' dir='ltr'><strong><em>ζώων</em></strong></span> <span class='ocrx_word' id='word_1_83' title='bbox 1091 1245 1220 1336; x_wconf 73' lang='grc' dir='ltr'><strong><em>εἴρηται</em></strong></span> <span class='ocrx_word' id='word_1_84' title='bbox 1232 1272 1267 1302; x_wconf 92' lang='lat'>=</span> <span class='ocrx_word' id='word_1_85' title='bbox 1284 1249 1320 1308; x_wconf 89' lang='lat' dir='ltr'>de</span> <span class='ocrx_word' id='word_1_86' title='bbox 1334 1247 1404 1306; x_wconf 88' lang='lat' dir='ltr'>ine.</span> 
     </span>
    </p>
   </div>
   <div class='ocr_carea' id='block_1_4' title="bbox 193 1355 1506 1440">
    <p class='ocr_par' dir='ltr' id='par_1_4' title="bbox 193 1355 1506 1440">
     <span class='ocr_line' id='line_1_10' title="bbox 193 1355 1506 1440; baseline -0.017 -14"><span class='ocrx_word' id='word_1_87' title='bbox 193 1375 196 1382; x_wconf 85' lang='lat'>&#39;</span> <span class='ocrx_word' id='word_1_88' title='bbox 241 1380 266 1422; x_wconf 83' lang='lat' dir='ltr'>c.</span> <span class='ocrx_word' id='word_1_89' title='bbox 281 1362 317 1439; x_wconf 88' lang='lat'>8)</span> <span class='ocrx_word' id='word_1_90' title='bbox 341 1381 432 1440; x_wconf 88' lang='lat' dir='ltr'>quum</span> <span class='ocrx_word' id='word_1_91' title='bbox 454 1369 567 1426; x_wconf 88' lang='lat' dir='ltr'>nullum</span> <span class='ocrx_word' id='word_1_92' title='bbox 596 1363 644 1427; x_wconf 86' lang='lat' dir='ltr'>hic</span> <span class='ocrx_word' id='word_1_93' title='bbox 670 1364 790 1438; x_wconf 86' lang='lat' dir='ltr'>perlecti</span> <span class='ocrx_word' id='word_1_94' title='bbox 817 1363 973 1438; x_wconf 81' lang='lat' dir='ltr'>vestigium</span> <span class='ocrx_word' id='word_1_95' title='bbox 1000 1359 1038 1419; x_wconf 92' lang='lat' dir='ltr'>sit</span> <span class='ocrx_word' id='word_1_96' title='bbox 1063 1364 1177 1434; x_wconf 88' lang='lat' dir='ltr'>praeter</span> <span class='ocrx_word' id='word_1_97' title='bbox 1202 1355 1299 1428; x_wconf 91' lang='lat' dir='ltr'>ipsum</span> <span class='ocrx_word' id='word_1_98' title='bbox 1325 1366 1408 1426; x_wconf 90' lang='lat' dir='ltr'>per·</span> <span class='ocrx_word' id='word_1_99' title='bbox 1505 1391 1506 1436; x_wconf 69' lang='lat' dir='ltr'>t</span> 
     </span>
    </p>
   </div>
   <div class='ocr_carea' id='block_1_5' title="bbox 242 1443 1409 2152">
    <p class='ocr_par' dir='ltr' id='par_1_5' title="bbox 242 1443 1409 2152">
     <span class='ocr_line' id='line_1_11' title="bbox 242 1443 1409 1541; baseline -0.009 -18"><span class='ocrx_word' id='word_1_100' title='bbox 242 1465 349 1524; x_wconf 85' lang='lat' dir='ltr'>lectum</span> <span class='ocrx_word' id='word_1_101' title='bbox 372 1469 468 1541; x_wconf 85' lang='lat' dir='ltr'>(quod</span> <span class='ocrx_word' id='word_1_102' title='bbox 490 1469 567 1528; x_wconf 89' lang='lat' dir='ltr'>idem</span> <span class='ocrx_word' id='word_1_103' title='bbox 590 1468 648 1527; x_wconf 91' lang='lat' dir='ltr'>iam</span> <span class='ocrx_word' id='word_1_104' title='bbox 670 1465 796 1524; x_wconf 88' lang='lat' dir='ltr'>occurrit</span> <span class='ocrx_word' id='word_1_105' title='bbox 819 1467 855 1524; x_wconf 88' lang='lat' dir='ltr'>de</span> <span class='ocrx_word' id='word_1_106' title='bbox 871 1465 953 1523; x_wconf 91' lang='lat' dir='ltr'>coelo</span> <span class='ocrx_word' id='word_1_107' title='bbox 969 1462 999 1536; x_wconf 86' lang='grc'>2,</span> <span class='ocrx_word' id='word_1_108' title='bbox 1012 1461 1041 1519; x_wconf 88' lang='grc'>2.</span> <span class='ocrx_word' id='word_1_109' title='bbox 1055 1457 1141 1520; x_wconf 85' lang='grc'><strong>2811)</strong></span> <span class='ocrx_word' id='word_1_110' title='bbox 1154 1455 1194 1518; x_wconf 81' lang='grc'>13</span> <span class='ocrx_word' id='word_1_111' title='bbox 1217 1443 1409 1533; x_wconf 76' lang='grc' dir='ltr'><strong><em>διώρισται</em></strong></span> 
     </span>
     <span class='ocr_line' id='line_1_12' title="bbox 242 1545 1408 1650; baseline -0.009 -24"><span class='ocrx_word' id='word_1_112' title='bbox 242 1560 302 1642; x_wconf 77' lang='grc' dir='ltr'>μὲν</span> <span class='ocrx_word' id='word_1_113' title='bbox 333 1554 391 1628; x_wconf 80' lang='grc' dir='ltr'>οὖν</span> <span class='ocrx_word' id='word_1_114' title='bbox 418 1559 646 1650; x_wconf 78' lang='grc' dir='ltr'><strong><em>περὶτούτων</em></strong></span> <span class='ocrx_word' id='word_1_115' title='bbox 678 1561 712 1630; x_wconf 77' lang='grc' dir='ltr'>ἓν</span> <span class='ocrx_word' id='word_1_116' title='bbox 739 1565 809 1639; x_wconf 75' lang='grc' dir='ltr'><strong><em>τοῖς</em></strong></span> <span class='ocrx_word' id='word_1_117' title='bbox 837 1559 914 1650; x_wconf 80' lang='grc' dir='ltr'><strong><em>περὶ</em></strong></span> <span class='ocrx_word' id='word_1_118' title='bbox 939 1557 1000 1640; x_wconf 74' lang='grc' dir='ltr'>τὰς</span> <span class='ocrx_word' id='word_1_119' title='bbox 1025 1560 1090 1622; x_wconf 82' lang='grc' dir='ltr'>τῶν</span> <span class='ocrx_word' id='word_1_120' title='bbox 1114 1549 1208 1638; x_wconf 82' lang='grc' dir='ltr'><strong><em>ζώων</em></strong></span> <span class='ocrx_word' id='word_1_121' title='bbox 1234 1545 1408 1638; x_wconf 78' lang='grc' dir='ltr'>κινήσεις)</span> 
     </span>
     <span class='ocr_line' id='line_1_13' title="bbox 244 1659 1408 1754; baseline -0.003 -29"><span class='ocrx_word' id='word_1_122' title='bbox 244 1672 332 1741; x_wconf 86' lang='lat' dir='ltr'>atque</span> <span class='ocrx_word' id='word_1_123' title='bbox 357 1685 417 1729; x_wconf 91' lang='lat' dir='ltr'>uno</span> <span class='ocrx_word' id='word_1_124' title='bbox 444 1671 563 1746; x_wconf 89' lang='lat' dir='ltr'>quidem</span> <span class='ocrx_word' id='word_1_125' title='bbox 595 1674 661 1731; x_wconf 92' lang='lat' dir='ltr'>loco</span> <span class='ocrx_word' id='word_1_126' title='bbox 693 1659 855 1754; x_wconf 80' lang='grc' dir='ltr'><strong><em>πρότερον</em></strong></span> <span class='ocrx_word' id='word_1_127' title='bbox 887 1669 966 1743; x_wconf 89' lang='lat' dir='ltr'>quod</span> <span class='ocrx_word' id='word_1_128' title='bbox 999 1666 1115 1724; x_wconf 78' lang='lat' dir='ltr'>additur</span> <span class='ocrx_word' id='word_1_129' title='bbox 1135 1660 1262 1735; x_wconf 72' lang='grc'><strong>69217</strong></span> <span class='ocrx_word' id='word_1_130' title='bbox 1285 1661 1341 1734; x_wconf 94' lang='lat'>(=</span> <span class='ocrx_word' id='word_1_131' title='bbox 1366 1659 1408 1717; x_wconf 87' lang='lat' dir='ltr'>de</span> 
     </span>
     <span class='ocr_line' id='line_1_14' title="bbox 246 1761 1407 1845; baseline -0.007 -18"><span class='ocrx_word' id='word_1_132' title='bbox 246 1769 301 1828; x_wconf 89' lang='lat' dir='ltr'>ino.</span> <span class='ocrx_word' id='word_1_133' title='bbox 326 1787 350 1830; x_wconf 92' lang='lat' dir='ltr'>c.</span> <span class='ocrx_word' id='word_1_134' title='bbox 368 1770 413 1845; x_wconf 86' lang='grc'>9),</span> <span class='ocrx_word' id='word_1_135' title='bbox 437 1774 467 1832; x_wconf 96' lang='lat' dir='ltr'>id</span> <span class='ocrx_word' id='word_1_136' title='bbox 489 1775 659 1834; x_wconf 90' lang='lat' dir='ltr'>anctoritate</span> <span class='ocrx_word' id='word_1_137' title='bbox 682 1779 779 1832; x_wconf 89' lang='lat' dir='ltr'>eareat</span> <span class='ocrx_word' id='word_1_138' title='bbox 801 1771 870 1845; x_wconf 87' lang='lat' dir='ltr'>quie</span> <span class='ocrx_word' id='word_1_139' title='bbox 891 1785 996 1844; x_wconf 85' lang='lat' dir='ltr'>magna</span> <span class='ocrx_word' id='word_1_140' title='bbox 1019 1768 1138 1827; x_wconf 90' lang='lat' dir='ltr'>omuino</span> <span class='ocrx_word' id='word_1_141' title='bbox 1161 1767 1190 1825; x_wconf 89' lang='lat' dir='ltr'>in</span> <span class='ocrx_word' id='word_1_142' title='bbox 1213 1765 1259 1824; x_wconf 87' lang='lat' dir='ltr'>his</span> <span class='ocrx_word' id='word_1_143' title='bbox 1281 1761 1407 1838; x_wconf 80' lang='lat' dir='ltr'><strong>paginis</strong></span> 
     </span>
     <span class='ocr_line' id='line_1_15' title="bbox 245 1865 1405 1948; baseline -0.008 -18"><span class='ocrx_word' id='word_1_144' title='bbox 245 1872 379 1931; x_wconf 88' lang='lat' dir='ltr'>codicum</span> <span class='ocrx_word' id='word_1_145' title='bbox 401 1875 538 1936; x_wconf 82' lang='lat' dir='ltr'>varietate</span> <span class='ocrx_word' id='word_1_146' title='bbox 561 1877 711 1936; x_wconf 84' lang='lat' dir='ltr'>obtinente</span> <span class='ocrx_word' id='word_1_147' title='bbox 732 1877 761 1933; x_wconf 90' lang='lat' dir='ltr'>iu</span> <span class='ocrx_word' id='word_1_148' title='bbox 786 1873 963 1948; x_wconf 84' lang='lat' dir='ltr'>quibusdam</span> <span class='ocrx_word' id='word_1_149' title='bbox 985 1878 1063 1928; x_wconf 88' lang='lat' dir='ltr'>reete</span> <span class='ocrx_word' id='word_1_150' title='bbox 1086 1870 1157 1928; x_wconf 90' lang='lat' dir='ltr'>illud</span> <span class='ocrx_word' id='word_1_151' title='bbox 1178 1865 1321 1927; x_wconf 87' lang='lat' dir='ltr'>omittitur</span> <span class='ocrx_word' id='word_1_152' title='bbox 1339 1865 1405 1938; x_wconf 90' lang='lat' dir='ltr'>(sc.</span> 
     </span>
     <span class='ocr_line' id='line_1_16' title="bbox 245 1959 1406 2056; baseline -0.005 -27"><span class='ocrx_word' id='word_1_153' title='bbox 245 1971 275 2030; x_wconf 90' lang='lat' dir='ltr'>in</span> <span class='ocrx_word' id='word_1_154' title='bbox 298 1976 362 2032; x_wconf 91' lang='lat' dir='ltr'>cod.</span> <span class='ocrx_word' id='word_1_155' title='bbox 385 1975 407 2033; x_wconf 88' lang='lat' dir='ltr'>P</span> <span class='ocrx_word' id='word_1_156' title='bbox 429 1976 533 2051; x_wconf 54' lang='grc' dir='ltr'><strong><em>Βαίας</em></strong></span> <span class='ocrx_word' id='word_1_157' title='bbox 556 1978 641 2036; x_wconf 87' lang='lat' dir='ltr'>codd.</span> <span class='ocrx_word' id='word_1_158' title='bbox 662 1977 710 2036; x_wconf 89' lang='lat' dir='ltr'>UY</span> <span class='ocrx_word' id='word_1_159' title='bbox 731 1965 885 2056; x_wconf 74' lang='grc' dir='ltr'><strong><em>πρόσθεν</em></strong></span> <span class='ocrx_word' id='word_1_160' title='bbox 908 1973 1015 2031; x_wconf 87' lang='lat' dir='ltr'>habent</span> <span class='ocrx_word' id='word_1_161' title='bbox 1036 1987 1089 2046; x_wconf 90' lang='lat' dir='ltr'>pro</span> <span class='ocrx_word' id='word_1_162' title='bbox 1112 1959 1273 2050; x_wconf 78' lang='grc' dir='ltr'><strong><em>πρότερον</em></strong></span> <span class='ocrx_word' id='word_1_163' title='bbox 1287 1975 1317 2026; x_wconf 88' lang='lat' dir='ltr'>et</span> <span class='ocrx_word' id='word_1_164' title='bbox 1331 1983 1406 2026; x_wconf 87' lang='lat' dir='ltr'>cunr</span> 
     </span>
     <span class='ocr_line' id='line_1_17' title="bbox 247 2075 1406 2152; baseline -0.004 -20"><span class='ocrx_word' id='word_1_165' title='bbox 247 2075 344 2134; x_wconf 87' lang='lat' dir='ltr'>cod.S</span> <span class='ocrx_word' id='word_1_166' title='bbox 368 2078 501 2140; x_wconf 79' lang='lat' dir='ltr'>ordinem</span> <span class='ocrx_word' id='word_1_167' title='bbox 523 2081 678 2140; x_wconf 84' lang='lat' dir='ltr'>verborum</span> <span class='ocrx_word' id='word_1_168' title='bbox 702 2078 870 2149; x_wconf 87' lang='lat' dir='ltr'>immutant)</span> <span class='ocrx_word' id='word_1_169' title='bbox 892 2083 991 2134; x_wconf 89' lang='lat' dir='ltr'>natum</span> <span class='ocrx_word' id='word_1_170' title='bbox 1015 2090 1051 2133; x_wconf 88' lang='lat' dir='ltr'>ex</span> <span class='ocrx_word' id='word_1_171' title='bbox 1073 2090 1109 2134; x_wconf 93' lang='lat' dir='ltr'>eo</span> <span class='ocrx_word' id='word_1_172' title='bbox 1125 2075 1204 2152; x_wconf 88' lang='lat' dir='ltr'>quod</span> <span class='ocrx_word' id='word_1_173' title='bbox 1214 2087 1283 2134; x_wconf 86' lang='lat' dir='ltr'>mox</span> <span class='ocrx_word' id='word_1_174' title='bbox 1293 2085 1406 2128; x_wconf 86' lang='lat' dir='ltr'>rursus</span> 
     </span>
    </p>
   </div>
   <div class='ocr_carea' id='block_1_6' title="bbox 248 2170 1507 2564">
    <p class='ocr_par' dir='ltr' id='par_1_6' title="bbox 248 2170 1507 2564">
     <span class='ocr_line' id='line_1_18' title="bbox 249 2170 1406 2261; baseline -0.017 -12"><span class='ocrx_word' id='word_1_175' title='bbox 249 2177 383 2248; x_wconf 52' lang='lat' dir='ltr'>s&amp;luitur</span> <span class='ocrx_word' id='word_1_176' title='bbox 404 2170 565 2261; x_wconf 73' lang='grc' dir='ltr'><strong><em>πρότερον</em></strong></span> <span class='ocrx_word' id='word_1_177' title='bbox 588 2181 660 2252; x_wconf 87' lang='grc'>692,</span> <span class='ocrx_word' id='word_1_178' title='bbox 676 2181 718 2242; x_wconf 88' lang='grc'>20</span> <span class='ocrx_word' id='word_1_179' title='bbox 741 2183 795 2254; x_wconf 89' lang='lat'>(=</span> <span class='ocrx_word' id='word_1_180' title='bbox 811 2177 897 2256; x_wconf 80' lang='lat' dir='ltr'>689l)</span> <span class='ocrx_word' id='word_1_181' title='bbox 912 2174 979 2250; x_wconf 88' lang='grc'><strong>30).</strong></span> <span class='ocrx_word' id='word_1_182' title='bbox 1026 2177 1161 2236; x_wconf 84' lang='lat' dir='ltr'>Ceterum</span> <span class='ocrx_word' id='word_1_183' title='bbox 1183 2176 1220 2233; x_wconf 94' lang='lat' dir='ltr'>ad</span> <span class='ocrx_word' id='word_1_184' title='bbox 1241 2174 1348 2232; x_wconf 87' lang='lat' dir='ltr'>librum</span> <span class='ocrx_word' id='word_1_185' title='bbox 1367 2173 1406 2229; x_wconf 94' lang='lat' dir='ltr'>de</span> 
     </span>
     <span class='ocr_line' id='line_1_19' title="bbox 248 2273 1507 2355; baseline -0.004 -20"><span class='ocrx_word' id='word_1_186' title='bbox 248 2276 368 2339; x_wconf 78' lang='lat' dir='ltr'>incessu</span> <span class='ocrx_word' id='word_1_187' title='bbox 389 2289 563 2353; x_wconf 80' lang='lat' dir='ltr'>sequentem</span> <span class='ocrx_word' id='word_1_188' title='bbox 585 2282 651 2340; x_wconf 88' lang='lat' dir='ltr'>ideo</span> <span class='ocrx_word' id='word_1_189' title='bbox 675 2297 763 2355; x_wconf 89' lang='lat' dir='ltr'>saepe</span> <span class='ocrx_word' id='word_1_190' title='bbox 784 2282 815 2341; x_wconf 92' lang='lat' dir='ltr'>iu</span> <span class='ocrx_word' id='word_1_191' title='bbox 838 2287 941 2354; x_wconf 86' lang='lat' dir='ltr'>quarto</span> <span class='ocrx_word' id='word_1_192' title='bbox 958 2278 1052 2339; x_wconf 84' lang='lat' dir='ltr'>reiicit</span> <span class='ocrx_word' id='word_1_193' title='bbox 1066 2279 1189 2336; x_wconf 83' lang='lat' dir='ltr'>lectores</span> <span class='ocrx_word' id='word_1_194' title='bbox 1201 2275 1270 2350; x_wconf 87' lang='lat' dir='ltr'>qnia</span> <span class='ocrx_word' id='word_1_195' title='bbox 1281 2273 1405 2332; x_wconf 87' lang='lat' dir='ltr'>uberius</span> <span class='ocrx_word' id='word_1_196' title='bbox 1506 2315 1507 2338; x_wconf 77' lang='grc'>,</span> 
     </span>
     <span class='ocr_line' id='line_1_20' title="bbox 250 2367 1507 2464; baseline -0.002 -29"><span class='ocrx_word' id='word_1_197' title='bbox 250 2378 281 2436; x_wconf 90' lang='lat' dir='ltr'>in</span> <span class='ocrx_word' id='word_1_198' title='bbox 308 2380 365 2438; x_wconf 89' lang='lat' dir='ltr'>huc</span> <span class='ocrx_word' id='word_1_199' title='bbox 391 2381 532 2455; x_wconf 81' lang='lat' dir='ltr'>explicata</span> <span class='ocrx_word' id='word_1_200' title='bbox 565 2371 714 2464; x_wconf 82' lang='grc' dir='ltr'><strong><em>ἆναίμων</em></strong></span> <span class='ocrx_word' id='word_1_201' title='bbox 746 2391 858 2445; x_wconf 85' lang='lat' dir='ltr'>tautum</span> <span class='ocrx_word' id='word_1_202' title='bbox 885 2381 1015 2440; x_wconf 89' lang='lat' dir='ltr'>motione</span> <span class='ocrx_word' id='word_1_203' title='bbox 1050 2381 1102 2454; x_wconf 89' lang='lat' dir='ltr'>(de</span> <span class='ocrx_word' id='word_1_204' title='bbox 1125 2377 1341 2454; x_wconf 82' lang='lat' dir='ltr'>quaterdeni</span> <span class='ocrx_word' id='word_1_205' title='bbox 1367 2375 1406 2434; x_wconf 93' lang='lat' dir='ltr'>de</span> <span class='ocrx_word' id='word_1_206' title='bbox 1506 2367 1507 2378; x_wconf 73' lang='grc'>’</span> 
     </span>
     <span class='ocr_line' id='line_1_21' title="bbox 250 2476 1405 2564; baseline -0.003 -26"><span class='ocrx_word' id='word_1_207' title='bbox 250 2477 308 2538; x_wconf 88' lang='lat' dir='ltr'>inc.</span> <span class='ocrx_word' id='word_1_208' title='bbox 324 2477 363 2540; x_wconf 87' lang='grc'>16</span> <span class='ocrx_word' id='word_1_209' title='bbox 380 2485 523 2558; x_wconf 86' lang='lat' dir='ltr'>quaedam</span> <span class='ocrx_word' id='word_1_210' title='bbox 538 2486 633 2558; x_wconf 88' lang='lat' dir='ltr'>addit)</span> <span class='ocrx_word' id='word_1_211' title='bbox 656 2476 799 2564; x_wconf 80' lang='grc' dir='ltr'><strong><em>ἐναίμων</em></strong></span> <span class='ocrx_word' id='word_1_212' title='bbox 817 2490 928 2542; x_wconf 88' lang='lat' dir='ltr'>molum</span> <span class='ocrx_word' id='word_1_213' title='bbox 951 2482 1019 2560; x_wconf 89' lang='lat' dir='ltr'>quia</span> <span class='ocrx_word' id='word_1_214' title='bbox 1041 2482 1071 2540; x_wconf 92' lang='lat' dir='ltr'>in</span> <span class='ocrx_word' id='word_1_215' title='bbox 1087 2481 1133 2540; x_wconf 86' lang='lat' dir='ltr'>his</span> <span class='ocrx_word' id='word_1_216' title='bbox 1146 2480 1265 2538; x_wconf 88' lang='lat' dir='ltr'>omuino</span> <span class='ocrx_word' id='word_1_217' title='bbox 1278 2478 1405 2538; x_wconf 86' lang='lat' dir='ltr'>maxime</span> 
     </span>
    </p>
   </div>
   <div class='ocr_carea' id='block_1_7' title="bbox 252 2581 1410 3169">
    <p class='ocr_par' dir='ltr' id='par_1_7' title="bbox 252 2581 1410 3169">
     <span class='ocr_line' id='line_1_22' title="bbox 252 2581 1407 2658; baseline 0 -18"><span class='ocrx_word' id='word_1_218' title='bbox 252 2589 350 2642; x_wconf 85' lang='lat' dir='ltr'>motn‘s</span> <span class='ocrx_word' id='word_1_219' title='bbox 376 2583 509 2644; x_wconf 79' lang='lat' dir='ltr'>animalis</span> <span class='ocrx_word' id='word_1_220' title='bbox 536 2587 665 2648; x_wconf 86' lang='lat' dir='ltr'>cernitur</span> <span class='ocrx_word' id='word_1_221' title='bbox 689 2587 802 2647; x_wconf 85' lang='lat' dir='ltr'>theoria</span> <span class='ocrx_word' id='word_1_222' title='bbox 827 2585 968 2658; x_wconf 80' lang='lat' dir='ltr'>singulari</span> <span class='ocrx_word' id='word_1_223' title='bbox 997 2583 1150 2658; x_wconf 86' lang='lat' dir='ltr'>complecti</span> <span class='ocrx_word' id='word_1_224' title='bbox 1177 2596 1293 2644; x_wconf 87' lang='lat' dir='ltr'>curnem</span> <span class='ocrx_word' id='word_1_225' title='bbox 1321 2581 1407 2640; x_wconf 84' lang='lat' dir='ltr'>insti-</span> 
     </span>
     <span class='ocr_line' id='line_1_23' title="bbox 253 2685 1407 2760; baseline 0.003 -22"><span class='ocrx_word' id='word_1_226' title='bbox 253 2687 361 2756; x_wconf 83' lang='lat' dir='ltr'>luerat,</span> <span class='ocrx_word' id='word_1_227' title='bbox 389 2701 448 2758; x_wconf 85' lang='lat' dir='ltr'>que</span> <span class='ocrx_word' id='word_1_228' title='bbox 470 2687 506 2746; x_wconf 92' lang='lat' dir='ltr'>de</span> <span class='ocrx_word' id='word_1_229' title='bbox 528 2703 618 2748; x_wconf 90' lang='lat' dir='ltr'>eausa</span> <span class='ocrx_word' id='word_1_230' title='bbox 640 2704 699 2747; x_wconf 90' lang='lat' dir='ltr'>uon</span> <span class='ocrx_word' id='word_1_231' title='bbox 722 2689 780 2748; x_wconf 90' lang='lat' dir='ltr'>nisi</span> <span class='ocrx_word' id='word_1_232' title='bbox 803 2686 934 2760; x_wconf 89' lang='lat' dir='ltr'>deipsis</span> <span class='ocrx_word' id='word_1_233' title='bbox 956 2685 1087 2758; x_wconf 87' lang='lat' dir='ltr'>partibus</span> <span class='ocrx_word' id='word_1_234' title='bbox 1109 2700 1212 2745; x_wconf 89' lang='lat' dir='ltr'>eorum</span> <span class='ocrx_word' id='word_1_235' title='bbox 1234 2685 1270 2744; x_wconf 88' lang='lat' dir='ltr'>sd</span> <span class='ocrx_word' id='word_1_236' title='bbox 1293 2690 1407 2742; x_wconf 90' lang='lat' dir='ltr'>motum</span> 
     </span>
     <span class='ocr_line' id='line_1_24' title="bbox 254 2785 1410 2866; baseline 0.003 -24"><span class='ocrx_word' id='word_1_237' title='bbox 254 2786 431 2846; x_wconf 89' lang='lat' dir='ltr'>necessariis</span> <span class='ocrx_word' id='word_1_238' title='bbox 454 2789 597 2848; x_wconf 90' lang='lat' dir='ltr'>hocloco</span> <span class='ocrx_word' id='word_1_239' title='bbox 620 2791 679 2865; x_wconf 86' lang='lat' dir='ltr'>egit</span> <span class='ocrx_word' id='word_1_240' title='bbox 701 2792 747 2866; x_wconf 87' lang='grc'>(4,</span> <span class='ocrx_word' id='word_1_241' title='bbox 763 2785 906 2860; x_wconf 87' lang='grc'><strong>1.0-13)</strong></span> <span class='ocrx_word' id='word_1_242' title='bbox 934 2795 1022 2861; x_wconf 92' lang='lat' dir='ltr'>atque</span> <span class='ocrx_word' id='word_1_243' title='bbox 1048 2787 1073 2845; x_wconf 88' lang='lat' dir='ltr'>si</span> <span class='ocrx_word' id='word_1_244' title='bbox 1096 2788 1133 2846; x_wconf 90' lang='lat' dir='ltr'>de</span> <span class='ocrx_word' id='word_1_245' title='bbox 1155 2787 1251 2846; x_wconf 90' lang='lat' dir='ltr'>arium</span> <span class='ocrx_word' id='word_1_246' title='bbox 1274 2793 1410 2845; x_wconf 85' lang='lat' dir='ltr'>metuet</span> 
     </span>
     <span class='ocr_line' id='line_1_25' title="bbox 253 2886 1409 2967; baseline 0.005 -25"><span class='ocrx_word' id='word_1_247' title='bbox 253 2886 380 2962; x_wconf 85' lang='lat' dir='ltr'>piscium</span> <span class='ocrx_word' id='word_1_248' title='bbox 402 2887 514 2962; x_wconf 64' lang='lat' dir='ltr'>(ete.</span> <span class='ocrx_word' id='word_1_249' title='bbox 533 2888 590 2966; x_wconf 90' lang='grc'>13)</span> <span class='ocrx_word' id='word_1_250' title='bbox 613 2893 671 2952; x_wconf 88' lang='lat' dir='ltr'>iam</span> <span class='ocrx_word' id='word_1_251' title='bbox 692 2893 740 2955; x_wconf 85' lang='lat' dir='ltr'>iric</span> <span class='ocrx_word' id='word_1_252' title='bbox 762 2893 905 2967; x_wconf 88' lang='lat' dir='ltr'>quaedam</span> <span class='ocrx_word' id='word_1_253' title='bbox 927 2888 1075 2963; x_wconf 83' lang='lat' dir='ltr'>praecopii</span> <span class='ocrx_word' id='word_1_254' title='bbox 1100 2904 1161 2947; x_wconf 89' lang='lat' dir='ltr'>nou</span> <span class='ocrx_word' id='word_1_255' title='bbox 1182 2896 1280 2947; x_wconf 87' lang='lat' dir='ltr'>tamen</span> <span class='ocrx_word' id='word_1_256' title='bbox 1302 2890 1339 2948; x_wconf 90' lang='lat' dir='ltr'>de</span> <span class='ocrx_word' id='word_1_257' title='bbox 1361 2905 1409 2948; x_wconf 88' lang='lat' dir='ltr'>ra-</span> 
     </span>
     <span class='ocr_line' id='line_1_26' title="bbox 254 2988 1409 3072; baseline 0.005 -27"><span class='ocrx_word' id='word_1_258' title='bbox 254 2988 334 3050; x_wconf 86' lang='lat' dir='ltr'>tione</span> <span class='ocrx_word' id='word_1_259' title='bbox 360 2991 426 3068; x_wconf 87' lang='lat' dir='ltr'>ipsa</span> <span class='ocrx_word' id='word_1_260' title='bbox 451 3001 550 3052; x_wconf 90' lang='lat' dir='ltr'>rnotns</span> <span class='ocrx_word' id='word_1_261' title='bbox 581 2995 736 3072; x_wconf 87' lang='lat' dir='ltr'>quicquam</span> <span class='ocrx_word' id='word_1_262' title='bbox 765 2993 885 3055; x_wconf 79' lang='lat' dir='ltr'>addidit</span> <span class='ocrx_word' id='word_1_263' title='bbox 929 2990 1056 3068; x_wconf 82' lang='lat' dir='ltr'>Apparet</span> <span class='ocrx_word' id='word_1_264' title='bbox 1087 2990 1177 3064; x_wconf 79' lang='lat' dir='ltr'>igitur</span> <span class='ocrx_word' id='word_1_265' title='bbox 1204 3006 1239 3048; x_wconf 87' lang='lat' dir='ltr'>ex</span> <span class='ocrx_word' id='word_1_266' title='bbox 1262 2989 1329 3064; x_wconf 92' lang='lat' dir='ltr'>ipso</span> <span class='ocrx_word' id='word_1_267' title='bbox 1351 2994 1409 3051; x_wconf 91' lang='lat' dir='ltr'>lrnc</span> 
     </span>
     <span class='ocr_line' id='line_1_27' title="bbox 255 3091 1410 3169; baseline 0.003 -20"><span class='ocrx_word' id='word_1_268' title='bbox 255 3093 445 3166; x_wconf 89' lang='lat' dir='ltr'>quodmodo</span> <span class='ocrx_word' id='word_1_269' title='bbox 474 3095 634 3169; x_wconf 83' lang='lat' dir='ltr'>significari</span> <span class='ocrx_word' id='word_1_270' title='bbox 657 3096 822 3156; x_wconf 84' lang='lat' dir='ltr'>Aristotelis</span> <span class='ocrx_word' id='word_1_271' title='bbox 849 3093 972 3154; x_wconf 88' lang='lat' dir='ltr'>consilio</span> <span class='ocrx_word' id='word_1_272' title='bbox 999 3107 1117 3165; x_wconf 87' lang='lat' dir='ltr'>pravam</span> <span class='ocrx_word' id='word_1_273' title='bbox 1145 3091 1238 3152; x_wconf 88' lang='lat' dir='ltr'>luisse</span> <span class='ocrx_word' id='word_1_274' title='bbox 1264 3094 1410 3154; x_wconf 84' lang='lat' dir='ltr'>medelam</span> 
     </span>
    </p>
   </div>
   <div class='ocr_carea' id='block_1_8' title="bbox 255 3193 1508 3269">
    <p class='ocr_par' dir='ltr' id='par_1_8' title="bbox 255 3193 1508 3269">
     <span class='ocr_line' id='line_1_28' title="bbox 255 3193 1508 3269; baseline 0.006 -19"><span class='ocrx_word' id='word_1_275' title='bbox 255 3193 334 3251; x_wconf 90' lang='lat' dir='ltr'>illam</span> <span class='ocrx_word' id='word_1_276' title='bbox 357 3211 443 3268; x_wconf 91' lang='lat' dir='ltr'>quam</span> <span class='ocrx_word' id='word_1_277' title='bbox 468 3197 519 3256; x_wconf 86' lang='lat' dir='ltr'>uhi</span> <span class='ocrx_word' id='word_1_278' title='bbox 541 3196 654 3256; x_wconf 88' lang='lat' dir='ltr'>nullum</span> <span class='ocrx_word' id='word_1_279' title='bbox 678 3206 740 3258; x_wconf 87' lang='lat' dir='ltr'>erat</span> <span class='ocrx_word' id='word_1_280' title='bbox 760 3199 867 3256; x_wconf 79' lang='lat' dir='ltr'>vulnus</span> <span class='ocrx_word' id='word_1_281' title='bbox 890 3195 1063 3269; x_wconf 81' lang='lat' dir='ltr'>excogitavit</span> <span class='ocrx_word' id='word_1_282' title='bbox 1084 3194 1191 3267; x_wconf 83' lang='lat' dir='ltr'>Praeti,</span> <span class='ocrx_word' id='word_1_283' title='bbox 1213 3203 1247 3254; x_wconf 90' lang='lat' dir='ltr'>ut</span> <span class='ocrx_word' id='word_1_284' title='bbox 1268 3212 1309 3254; x_wconf 84' lang='lat' dir='ltr'>su</span> <span class='ocrx_word' id='word_1_285' title='bbox 1333 3198 1413 3256; x_wconf 89' lang='lat' dir='ltr'>inter</span> <span class='ocrx_word' id='word_1_286' title='bbox 1507 3201 1508 3206; x_wconf 76' lang='grc'>’</span> 
     </span>
    </p>
   </div>
   <div class='ocr_carea' id='block_1_9' title="bbox 255 3293 1421 4502">
    <p class='ocr_par' dir='ltr' id='par_1_9' title="bbox 255 3293 1421 4502">
     <span class='ocr_line' id='line_1_29' title="bbox 255 3293 1413 3378; baseline 0.006 -27"><span class='ocrx_word' id='word_1_287' title='bbox 255 3293 321 3352; x_wconf 89' lang='lat' dir='ltr'>libri</span> <span class='ocrx_word' id='word_1_288' title='bbox 345 3297 439 3370; x_wconf 87' lang='lat' dir='ltr'>quarti</span> <span class='ocrx_word' id='word_1_289' title='bbox 461 3305 550 3372; x_wconf 87' lang='lat' dir='ltr'>capnt</span> <span class='ocrx_word' id='word_1_290' title='bbox 570 3312 682 3360; x_wconf 89' lang='lat' dir='ltr'>nonum</span> <span class='ocrx_word' id='word_1_291' title='bbox 704 3307 734 3360; x_wconf 89' lang='lat' dir='ltr'>et</span> <span class='ocrx_word' id='word_1_292' title='bbox 756 3299 900 3360; x_wconf 87' lang='lat' dir='ltr'>decimum</span> <span class='ocrx_word' id='word_1_293' title='bbox 924 3297 1030 3356; x_wconf 84' lang='lat' dir='ltr'>librum</span> <span class='ocrx_word' id='word_1_294' title='bbox 1060 3297 1096 3378; x_wconf 87' lang='lat' dir='ltr'>de</span> <span class='ocrx_word' id='word_1_295' title='bbox 1123 3298 1242 3358; x_wconf 83' lang='lat' dir='ltr'>incessu</span> <span class='ocrx_word' id='word_1_296' title='bbox 1263 3297 1413 3374; x_wconf 83' lang='lat' dir='ltr'>integrum</span> 
     </span>
     <span class='ocr_line' id='line_1_30' title="bbox 256 3393 1413 3477; baseline 0.005 -21"><span class='ocrx_word' id='word_1_297' title='bbox 256 3393 455 3469; x_wconf 83' lang='lat' dir='ltr'>intersereret,</span> <span class='ocrx_word' id='word_1_298' title='bbox 477 3400 706 3476; x_wconf 88' lang='lat' dir='ltr'>transpositione</span> <span class='ocrx_word' id='word_1_299' title='bbox 728 3408 757 3460; x_wconf 90' lang='lat' dir='ltr'>ct</span> <span class='ocrx_word' id='word_1_300' title='bbox 779 3400 934 3462; x_wconf 87' lang='lat' dir='ltr'>temerarie</span> <span class='ocrx_word' id='word_1_301' title='bbox 955 3407 984 3459; x_wconf 91' lang='lat' dir='ltr'>et</span> <span class='ocrx_word' id='word_1_302' title='bbox 1005 3407 1038 3461; x_wconf 91' lang='lat' dir='ltr'>nt</span> <span class='ocrx_word' id='word_1_303' title='bbox 1054 3395 1089 3459; x_wconf 70' lang='lat' dir='ltr'>&#39;in</span> <span class='ocrx_word' id='word_1_304' title='bbox 1111 3401 1261 3477; x_wconf 86' lang='lat' dir='ltr'>plerisque</span> <span class='ocrx_word' id='word_1_305' title='bbox 1272 3401 1413 3462; x_wconf 82' lang='lat' dir='ltr'>omnihus</span> 
     </span>
     <span class='ocr_line' id='line_1_31' title="bbox 256 3498 1416 3578; baseline 0.005 -22"><span class='ocrx_word' id='word_1_306' title='bbox 256 3498 345 3558; x_wconf 88' lang='lat' dir='ltr'>huius</span> <span class='ocrx_word' id='word_1_307' title='bbox 367 3500 485 3576; x_wconf 80' lang='lat' dir='ltr'>generis</span> <span class='ocrx_word' id='word_1_308' title='bbox 507 3503 636 3564; x_wconf 88' lang='lat' dir='ltr'>virorum</span> <span class='ocrx_word' id='word_1_309' title='bbox 659 3505 811 3564; x_wconf 89' lang='lat' dir='ltr'>doctorum</span> <span class='ocrx_word' id='word_1_310' title='bbox 834 3503 981 3578; x_wconf 81' lang='lat' dir='ltr'>tigmentis</span> <span class='ocrx_word' id='word_1_311' title='bbox 1004 3501 1125 3562; x_wconf 89' lang='lat' dir='ltr'>minime</span> <span class='ocrx_word' id='word_1_312' title='bbox 1139 3501 1321 3576; x_wconf 66' lang='lat' dir='ltr'>accesserim</span> <span class='ocrx_word' id='word_1_313' title='bbox 1344 3502 1416 3562; x_wconf 88' lang='lat' dir='ltr'>lieet</span> 
     </span>
     <span class='ocr_line' id='line_1_32' title="bbox 259 3601 1415 3682; baseline 0.003 -23"><span class='ocrx_word' id='word_1_314' title='bbox 259 3601 337 3660; x_wconf 87' lang='lat' dir='ltr'>onim</span> <span class='ocrx_word' id='word_1_315' title='bbox 359 3603 389 3662; x_wconf 87' lang='lat' dir='ltr'>in</span> <span class='ocrx_word' id='word_1_316' title='bbox 412 3605 494 3664; x_wconf 88' lang='lat' dir='ltr'>libris</span> <span class='ocrx_word' id='word_1_317' title='bbox 510 3622 583 3666; x_wconf 90' lang='lat' dir='ltr'>mss.</span> <span class='ocrx_word' id='word_1_318' title='bbox 598 3609 741 3681; x_wconf 84' lang='lat' dir='ltr'>quaedam</span> <span class='ocrx_word' id='word_1_319' title='bbox 763 3610 820 3668; x_wconf 88' lang='lat' dir='ltr'>hoe</span> <span class='ocrx_word' id='word_1_320' title='bbox 841 3607 929 3664; x_wconf 87' lang='lat' dir='ltr'>modo</span> <span class='ocrx_word' id='word_1_321' title='bbox 953 3603 1415 3682; x_wconf 83' lang='lat' dir='ltr'>corruptainterdumlegantur,</span> 
     </span>
     <span class='ocr_line' id='line_1_33' title="bbox 259 3705 1416 3782; baseline 0.003 -20"><span class='ocrx_word' id='word_1_322' title='bbox 259 3719 295 3762; x_wconf 84' lang='lat' dir='ltr'>ea</span> <span class='ocrx_word' id='word_1_323' title='bbox 318 3711 413 3766; x_wconf 84' lang='lat' dir='ltr'>tamen</span> <span class='ocrx_word' id='word_1_324' title='bbox 436 3723 473 3768; x_wconf 79' lang='lat' dir='ltr'>ex</span> <span class='ocrx_word' id='word_1_325' title='bbox 494 3708 679 3770; x_wconf 84' lang='lat' dir='ltr'>librariorum</span> <span class='ocrx_word' id='word_1_326' title='bbox 702 3710 791 3768; x_wconf 91' lang='lat' dir='ltr'>medii</span> <span class='ocrx_word' id='word_1_327' title='bbox 814 3709 876 3768; x_wconf 86' lang='lat' dir='ltr'>aeri</span> <span class='ocrx_word' id='word_1_328' title='bbox 899 3722 999 3767; x_wconf 90' lang='lat' dir='ltr'>errore</span> <span class='ocrx_word' id='word_1_329' title='bbox 1022 3713 1051 3766; x_wconf 88' lang='lat' dir='ltr'>et</span> <span class='ocrx_word' id='word_1_330' title='bbox 1071 3705 1248 3780; x_wconf 83' lang='lat' dir='ltr'>negligentia</span> <span class='ocrx_word' id='word_1_331' title='bbox 1270 3713 1332 3764; x_wconf 87' lang='lat' dir='ltr'>orta</span> <span class='ocrx_word' id='word_1_332' title='bbox 1347 3707 1416 3782; x_wconf 89' lang='lat' dir='ltr'>ipsc</span> 
     </span>
     <span class='ocr_line' id='line_1_34' title="bbox 259 3805 1418 3890; baseline 0.003 -26"><span class='ocrx_word' id='word_1_333' title='bbox 259 3805 393 3868; x_wconf 88' lang='lat' dir='ltr'>codicum</span> <span class='ocrx_word' id='word_1_334' title='bbox 426 3809 564 3890; x_wconf 77' lang='lat' dir='ltr'>dissensu</span> <span class='ocrx_word' id='word_1_335' title='bbox 598 3811 682 3872; x_wconf 81' lang='lat' dir='ltr'>facile</span> <span class='ocrx_word' id='word_1_336' title='bbox 709 3813 900 3886; x_wconf 86' lang='lat' dir='ltr'>deteguntur,</span> <span class='ocrx_word' id='word_1_337' title='bbox 935 3811 1015 3869; x_wconf 89' lang='lat' dir='ltr'>velut</span> <span class='ocrx_word' id='word_1_338' title='bbox 1047 3807 1097 3866; x_wconf 86' lang='lat' dir='ltr'>illa</span> <span class='ocrx_word' id='word_1_339' title='bbox 1122 3807 1209 3868; x_wconf 85' lang='lat' dir='ltr'>etiam</span> <span class='ocrx_word' id='word_1_340' title='bbox 1236 3809 1418 3870; x_wconf 80' lang='lat' dir='ltr'>mutationi</span> 
     </span>
     <span class='ocr_line' id='line_1_35' title="bbox 261 3909 1418 3989; baseline 0.002 -21"><span class='ocrx_word' id='word_1_341' title='bbox 261 3910 395 3986; x_wconf 86' lang='lat' dir='ltr'>exemplo</span> <span class='ocrx_word' id='word_1_342' title='bbox 418 3918 483 3974; x_wconf 88' lang='lat' dir='ltr'>utar</span> <span class='ocrx_word' id='word_1_343' title='bbox 503 3912 679 3974; x_wconf 78' lang='lat' dir='ltr'>Aristotelen</span> <span class='ocrx_word' id='word_1_344' title='bbox 703 3931 789 3989; x_wconf 88' lang='lat' dir='ltr'>qnam</span> <span class='ocrx_word' id='word_1_345' title='bbox 811 3914 842 3972; x_wconf 91' lang='lat' dir='ltr'>in</span> <span class='ocrx_word' id='word_1_346' title='bbox 864 3913 924 3972; x_wconf 86' lang='lat' dir='ltr'>tine</span> <span class='ocrx_word' id='word_1_347' title='bbox 938 3909 1125 3970; x_wconf 84' lang='lat' dir='ltr'>historiarum</span> <span class='ocrx_word' id='word_1_348' title='bbox 1148 3909 1214 3968; x_wconf 82' lang='lat' dir='ltr'>libri</span> <span class='ocrx_word' id='word_1_349' title='bbox 1236 3910 1308 3968; x_wconf 90' lang='lat' dir='ltr'>noni</span> <span class='ocrx_word' id='word_1_350' title='bbox 1330 3911 1418 3970; x_wconf 88' lang='lat' dir='ltr'>adhi-</span> 
     </span>
     <span class='ocr_line' id='line_1_36' title="bbox 261 4011 1418 4093; baseline 0.002 -21"><span class='ocrx_word' id='word_1_351' title='bbox 261 4013 333 4073; x_wconf 84' lang='lat' dir='ltr'>bent</span> <span class='ocrx_word' id='word_1_352' title='bbox 365 4015 483 4074; x_wconf 87' lang='lat' dir='ltr'>codices</span> <span class='ocrx_word' id='word_1_353' title='bbox 517 4016 636 4090; x_wconf 91' lang='lat' dir='ltr'>quidam</span> <span class='ocrx_word' id='word_1_354' title='bbox 663 4025 692 4076; x_wconf 91' lang='lat' dir='ltr'>et</span> <span class='ocrx_word' id='word_1_355' title='bbox 717 4017 774 4092; x_wconf 90' lang='lat' dir='ltr'>ipsi</span> <span class='ocrx_word' id='word_1_356' title='bbox 796 4016 847 4093; x_wconf 90' lang='lat' dir='ltr'>qui</span> <span class='ocrx_word' id='word_1_357' title='bbox 869 4016 946 4074; x_wconf 91' lang='lat' dir='ltr'>inter</span> <span class='ocrx_word' id='word_1_358' title='bbox 968 4019 1099 4073; x_wconf 84' lang='lat' dir='ltr'>servatus</span> <span class='ocrx_word' id='word_1_359' title='bbox 1125 4019 1196 4070; x_wconf 90' lang='lat' dir='ltr'>snut</span> <span class='ocrx_word' id='word_1_360' title='bbox 1216 4011 1418 4086; x_wconf 85' lang='lat' dir='ltr'>antiquissimi</span> 
     </span>
     <span class='ocr_line' id='line_1_37' title="bbox 260 4111 1418 4192; baseline -0.006 -11"><span class='ocrx_word' id='word_1_361' title='bbox 260 4118 375 4181; x_wconf 73' lang='lat' dir='ltr'>Arabici</span> <span class='ocrx_word' id='word_1_362' title='bbox 408 4119 461 4192; x_wconf 84' lang='lat' dir='ltr'>(ci</span> <span class='ocrx_word' id='word_1_363' title='bbox 483 4118 593 4178; x_wconf 75' lang='lat' dir='ltr'>libert.</span> <span class='ocrx_word' id='word_1_364' title='bbox 617 4120 653 4178; x_wconf 90' lang='lat' dir='ltr'>de</span> <span class='ocrx_word' id='word_1_365' title='bbox 674 4119 790 4178; x_wconf 81' lang='lat' dir='ltr'>animal.</span> <span class='ocrx_word' id='word_1_366' title='bbox 814 4117 863 4178; x_wconf 88' lang='lat' dir='ltr'>lib.</span> <span class='ocrx_word' id='word_1_367' title='bbox 877 4116 949 4188; x_wconf 81' lang='lat' dir='ltr'>vill,</span> <span class='ocrx_word' id='word_1_368' title='bbox 974 4124 1010 4175; x_wconf 87' lang='lat' dir='ltr'>tr.</span> <span class='ocrx_word' id='word_1_369' title='bbox 1028 4112 1057 4188; x_wconf 88' lang='lat'>5,</span> <span class='ocrx_word' id='word_1_370' title='bbox 1080 4111 1142 4174; x_wconf 75' lang='lat' dir='ltr'>cii</span> <span class='ocrx_word' id='word_1_371' title='bbox 1163 4114 1226 4173; x_wconf 83' lang='lat' dir='ltr'>etd</span> <span class='ocrx_word' id='word_1_372' title='bbox 1247 4129 1276 4190; x_wconf 91' lang='lat' dir='ltr'>p.</span> <span class='ocrx_word' id='word_1_373' title='bbox 1291 4112 1358 4176; x_wconf 79' lang='grc'>278</span> <span class='ocrx_word' id='word_1_374' title='bbox 1371 4131 1418 4191; x_wconf 89' lang='lat' dir='ltr'>sq.</span> 
     </span>
     <span class='ocr_line' id='line_1_38' title="bbox 263 4215 1421 4295; baseline -0.003 -14"><span class='ocrx_word' id='word_1_375' title='bbox 263 4221 424 4282; x_wconf 87' lang='lat' dir='ltr'>Schneider</span> <span class='ocrx_word' id='word_1_376' title='bbox 446 4222 482 4281; x_wconf 88' lang='lat' dir='ltr'>ad</span> <span class='ocrx_word' id='word_1_377' title='bbox 504 4221 592 4284; x_wconf 75' lang='lat' dir='ltr'>Arist.</span> <span class='ocrx_word' id='word_1_378' title='bbox 616 4222 683 4282; x_wconf 87' lang='lat' dir='ltr'>hist.</span> <span class='ocrx_word' id='word_1_379' title='bbox 707 4238 753 4280; x_wconf 89' lang='lat' dir='ltr'>au.</span> <span class='ocrx_word' id='word_1_380' title='bbox 777 4223 807 4279; x_wconf 81' lang='grc' dir='ltr'>Τ.</span> <span class='ocrx_word' id='word_1_381' title='bbox 824 4222 860 4279; x_wconf 91' lang='lat' dir='ltr'>lV</span> <span class='ocrx_word' id='word_1_382' title='bbox 881 4237 910 4295; x_wconf 90' lang='lat' dir='ltr'>p.</span> <span class='ocrx_word' id='word_1_383' title='bbox 926 4218 989 4278; x_wconf 80' lang='grc'>241</span> <span class='ocrx_word' id='word_1_384' title='bbox 1002 4233 1046 4292; x_wconf 86' lang='lat' dir='ltr'>sq.</span> <span class='ocrx_word' id='word_1_385' title='bbox 1075 4215 1124 4292; x_wconf 87' lang='lat' dir='ltr'>qui</span> <span class='ocrx_word' id='word_1_386' title='bbox 1147 4215 1211 4292; x_wconf 91' lang='lat' dir='ltr'>ipse</span> <span class='ocrx_word' id='word_1_387' title='bbox 1233 4215 1263 4277; x_wconf 92' lang='lat' dir='ltr'>in</span> <span class='ocrx_word' id='word_1_388' title='bbox 1286 4217 1421 4278; x_wconf 87' lang='lat' dir='ltr'>editione</span> 
     </span>
     <span class='ocr_line' id='line_1_39' title="bbox 263 4317 1421 4398; baseline -0.002 -16"><span class='ocrx_word' id='word_1_389' title='bbox 263 4325 412 4398; x_wconf 82' lang='lat' dir='ltr'>vulgarem</span> <span class='ocrx_word' id='word_1_390' title='bbox 436 4324 647 4386; x_wconf 85' lang='lat' dir='ltr'>sententiarum</span> <span class='ocrx_word' id='word_1_391' title='bbox 670 4321 801 4382; x_wconf 87' lang='lat' dir='ltr'>ordinem</span> <span class='ocrx_word' id='word_1_392' title='bbox 823 4330 904 4382; x_wconf 85' lang='lat' dir='ltr'>recte</span> <span class='ocrx_word' id='word_1_393' title='bbox 926 4321 1070 4394; x_wconf 87' lang='lat' dir='ltr'>retinuit),</span> <span class='ocrx_word' id='word_1_394' title='bbox 1094 4335 1118 4376; x_wconf 84' lang='lat' dir='ltr'>e</span> <span class='ocrx_word' id='word_1_395' title='bbox 1134 4317 1175 4378; x_wconf 81' lang='grc'>19</span> <span class='ocrx_word' id='word_1_396' title='bbox 1199 4333 1235 4378; x_wconf 82' lang='lat' dir='ltr'>ex</span> <span class='ocrx_word' id='word_1_397' title='bbox 1249 4325 1333 4392; x_wconf 86' lang='lat' dir='ltr'>parte</span> <span class='ocrx_word' id='word_1_398' title='bbox 1347 4329 1421 4394; x_wconf 84' lang='lat' dir='ltr'>post</span> 
     </span>
     <span class='ocr_line' id='line_1_40' title="bbox 263 4416 1420 4502; baseline -0.003 -18"><span class='ocrx_word' id='word_1_399' title='bbox 263 4443 288 4484; x_wconf 89' lang='lat' dir='ltr'>c.</span> <span class='ocrx_word' id='word_1_400' title='bbox 304 4423 347 4486; x_wconf 83' lang='lat'>50</span> <span class='ocrx_word' id='word_1_401' title='bbox 369 4426 486 4499; x_wconf 85' lang='lat' dir='ltr'>reiecto,</span> <span class='ocrx_word' id='word_1_402' title='bbox 510 4442 585 4502; x_wconf 90' lang='lat' dir='ltr'>quos</span> <span class='ocrx_word' id='word_1_403' title='bbox 607 4427 683 4486; x_wconf 87' lang='lat' dir='ltr'>male</span> <span class='ocrx_word' id='word_1_404' title='bbox 706 4433 826 4484; x_wconf 88' lang='lat' dir='ltr'>secutus</span> <span class='ocrx_word' id='word_1_405' title='bbox 849 4433 895 4484; x_wconf 90' lang='lat' dir='ltr'>est</span> <span class='ocrx_word' id='word_1_406' title='bbox 909 4423 1020 4483; x_wconf 82' lang='lat' dir='ltr'>Bekker</span> <span class='ocrx_word' id='word_1_407' title='bbox 1035 4439 1063 4496; x_wconf 89' lang='lat' dir='ltr'>p.</span> <span class='ocrx_word' id='word_1_408' title='bbox 1081 4416 1242 4481; x_wconf 64' lang='lat' dir='ltr'>eal-ea:</span> <span class='ocrx_word' id='word_1_409' title='bbox 1264 4420 1324 4494; x_wconf 77' lang='lat' dir='ltr'>ugit</span> <span class='ocrx_word' id='word_1_410' title='bbox 1337 4422 1420 4482; x_wconf 87' lang='lat' dir='ltr'>enim</span> 
     </span>
    </p>
   </div>
   <div class='ocr_carea' id='block_1_10' title="bbox 0 0 1550 5162">
    <p class='ocr_par' dir='ltr' id='par_1_10' title="bbox 0 0 1550 5162">
     <span class='ocr_line' id='line_1_41' title="bbox 0 0 1550 5162; baseline 0 0"><span class='ocrx_word' id='word_1_411' title='bbox 0 0 1550 5162; x_wconf 95' lang='lat' dir='ltr'> </span> 
     </span>
    </p>
   </div>
  </div>
 </body>
</html>
