3036 5164
671 349 733 412 149

118 525 173 582 1119
200 524 361 584 abhorrens
389 539 476 597 quam
506 523 619 596 prolixa
645 522 693 582 illa
721 521 833 580 ratione
860 539 916 596 qua
945 531 973 582 91
999 525 1030 586 in
1057 523 1161 582 ceteris
1188 521 1279 582 untur

116 627 201 684 velut
234 626 263 683 in
298 626 440 700 exemplis
473 625 568 684 allatis
598 622 686 696 (642,
702 621 723 682 8
741 639 805 696 sqq.
829 621 900 699 644,
917 623 957 686 25
971 641 1034 700 sqq.
1058 624 1131 698 649,
1148 621 1188 687 15
1204 625 1276 696 919.)

116 743 237 802 quaque
260 730 336 788 solet
357 727 522 788 Aristotelis
544 734 664 802 propter
686 713 856 808 ἀσάφειαν
866 729 917 800 (91.
940 723 979 791 τὸ
1001 718 1277 806 μεμολανωμένσν

113 827 178 912 τῆς
200 823 321 904 λέξεως
343 828 414 902 565,
431 826 482 890 30.
499 827 571 901 789,
588 828 644 901 20)
674 843 749 901 quae
777 829 897 902 quidem
923 831 1044 904 prodeat
1072 847 1108 894 ex
1130 823 1276 900 ἐλλιπῶς

113 934 260 1008 loquendi
283 933 498 992 consuetudine
521 937 550 990 et
573 947 608 990 ex
630 921 832 1010 βραχυλογία
856 932 907 1004 (91.
921 930 993 1004 789,
1007 929 1048 992 10
1060 947 1125 1005 sqq.
1137 929 1210 1002 440,
1222 923 1273 988 28.

114 1035 192 1108 522,
208 1031 238 1094 3.
256 1033 328 1108 565,
344 1031 395 1094 23.
410 1032 462 1094 31.
485 1031 558 1106 568,
575 1031 625 1092 12.
643 1029 716 1104 609,
732 1031 782 1092 21.
805 1031 878 1106 644,
893 1029 943 1094 33.
961 1031 1033 1105 735,
1049 1031 1090 1094 27
1106 1033 1176 1105 919.)
1204 1045 1275 1090 con-

113 1139 202 1198 tinuo
235 1137 388 1212 vituperati
422 1138 526 1210 (quam
559 1135 702 1196 rationem
736 1135 793 1192 iam
824 1135 860 1194 ah
888 1135 1053 1197 Alexandro
1084 1138 1275 1202 monstratam

114 1241 292 1315 improbauit
315 1238 483 1313 Simplicius
506 1253 611 1296 comm.
636 1233 954 1307 encoeniorum,
978 1238 1013 1296 91.
1029 1231 1183 1297 4901145.
1200 1231 1273 1304 493,

114 1341 246 1414 11919.)
270 1342 416 1416 explicare
437 1333 476 1401 τὸ
500 1329 576 1422 ἑξῆς
596 1335 655 1420 τῆς
677 1330 797 1411 λέξεως
818 1337 906 1411 (408,
923 1338 973 1398 22.
993 1335 1065 1409 789,
1082 1336 1124 1396 20
1139 1335 1220 1408 etc),
1244 1342 1274 1392 et

112 1446 181 1519 ipso
205 1444 332 1518 denique
355 1442 539 1516 singulorum
562 1440 772 1500 vocabulorum
788 1431 1270 1520 19119111ροοπλίζει40927.
1287 1505 1292 1514 .

114 1535 435 1630 περιφαντοέζεσθαί
447 1563 523 1605 τινα
534 1541 607 1616 482,
618 1539 669 1602 28.
693 1531 963 1621 ἀποσεισάμενος
974 1539 1046 1615 606,
1059 1538 1088 1600 5.
1101 1517 1272 1612 colonicae

114 1640 386 1720 59916169912.
411 1635 502 1729 λήθη
522 1639 707 1724 μεσολαβεῖ
717 1642 791 1717 500,
803 1641 833 1706 3.
858 1639 1009 1717 astutos
1031 1629 1187 1722 ἐμφαίνει
1197 1631 1270 1705 405,

115 1751 136 1814 7
153 1761 207 1812 919.
231 1740 398 1834 σαφήνεια
413 1772 449 1802 =
464 1747 664 1824 interpretatio
679 1744 753 1820 470,
769 1747 820 1807 24.
840 1743 977 1819 52210.
996 1739 1068 1814 574,
1084 1739 1135 1802 18.
1152 1737 1225 1808 641,
1241 1737 1270 1796 2.

115 1854 188 1927 718,
204 1853 245 1915 26
261 1861 317 1912 919.
339 1850 399 1936 τῆς
422 1843 577 1924 διανοίας
599 1840 699 1932 κόρας
715 1846 786 1920 763,
802 1845 855 1910 32.
882 1835 1088 1928 γεγύμνωται
1114 1838 1172 1922 τῆς
1193 1831 1272 1919 ὕλης

121 1955 193 2029 532,
209 1955 257 2018 18.
287 1945 523 2036 ἀπογύμνωσις
550 1950 616 2013 τῶν
642 1941 740 2012 εἰδῶν
762 1947 834 2021 430,
851 1946 901 2010 19.
917 1945 991 2020 431,
1006 1944 1037 2006 8.
1066 1931 1272 2024 ὀνειρώττειν

117 2053 178 2142 τήν
197 2050 275 2140 iidoc
297 2057 436 2130 64612.
461 2045 696 2137 ἀποκλήρωσις
705 2049 780 2124 445,
797 2049 847 2109 12.
865 2048 937 2123 705,
951 2049 979 2110 7.
1003 2046 1127 2129 σμῆνος
1149 2032 1272 2104 οὐσιῶν

115 2159 259 2234 49316.
294 2153 332 2222 ed
362 2157 452 2238 χῦμα
483 2157 549 2218 τῶν
582 2145 773 2238 ἀνθρώπων
797 2148 936 2223 66513.
964 2146 1095 2222 etsta
1115 2143 1271 2214 ateste),

113 2297 156 2308 -
168 2263 314 2339 Ephesius
337 2263 426 2336 igitur
437 2261 595 2320 Alexandri
609 2254 851 2317 commentarium
864 2261 893 2314 91
903 2249 1113 2325 interpretandi
1127 2247 1272 2306 rationem

112 2376 235 2442 prepter
255 2367 351 2439 ipsam
373 2364 436 2422 scil.
470 2363 618 2436 propriam
646 2357 792 2420 inscitiam
819 2355 858 2413 ita
885 2354 1014 2413 imitatus
1042 2359 1088 2410 est
1117 2357 1148 2408 ut
1174 2350 1271 2423 ipsum

111 2485 202 2545 quem
224 2467 351 2526 maxime
373 2467 533 2526 admiratur
548 2458 635 2536 (507,
652 2457 709 2532 30)
733 2467 882 2518 auctorem
904 2471 965 2514 non
987 2452 1116 2512 iudicare
1135 2451 1181 2509 191
1197 2447 1271 2506 adeo

111 2579 146 2632 ut
168 2571 310 2646 syrianus
340 2575 368 2626 et
390 2566 546 2640 Asclepius
572 2564 698 2624 reiutare
727 2553 1056 2632 Ἰ(119111911643,16
1079 2553 1150 2615 99119
1173 2551 1271 2622 inepte

110 2676 265 2734 Platonem
288 2669 418 2730 defendit
442 2668 530 2726 simul
553 2673 582 2724 et
603 2663 800 2734 Aristotelem,
825 2661 859 2720 91.
884 2661 920 2718 de
942 2658 1024 2732 Pyth.
1042 2653 1115 2727 644,
1130 2654 1165 2714 A:
1189 2651 1272 2710 aliter

109 2777 191 2837 enim
213 2789 303 2834 verns
325 2787 371 2844 ap.
394 2770 494 2828 Averr.
518 2769 599 2828 Alex.
616 2784 644 2839 p.
658 2760 771 2836 29319)
796 2763 850 2820 sed
872 2759 1017 2834 explicare
1040 2757 1156 2816 studeat
1180 2752 1270 2822 idque

110 2880 158 2938 vel
183 2878 213 2936 in
237 2876 312 2933 libro
335 2863 362 2930 λ’
386 2881 415 2930 91
438 2873 560 2930 deorum
586 2869 746 2926 multorum
773 2860 1038 2930 demonstratione,
1073 2871 1161 2929 quam
1183 2849 1270 2908 tacito

111 2979 203 3056 puasi
226 2991 377 3036 consensu
396 2973 529 3047 probavit
551 2969 733 3030 Christianus
756 2967 808 3039 (ci.
825 2961 898 3034 697,
915 2959 971 3034 31)
998 2975 1057 3018 non
1086 2957 1206 3028 ignarus
1229 2965 1269 3008 sc.

113 3079 249 3154 Dionysii
270 3084 299 3136 91
321 3076 371 3150 qui
393 3076 481 3134 huius
505 3080 575 3132 sunt
595 3068 689 3132 θεῖοι
712 3058 785 3140 νόες
808 3065 859 3139 (91.
876 3064 983 3138 Epiros.
1007 3049 1041 3120 οἱ
1055 3047 1206 3137 δεύτεροι
1220 3049 1274 3114 noi

108 3180 185 3255 773,
203 3179 253 3240 16.
277 3181 313 3238 91.
331 3175 485 3250 68212).
532 3175 596 3244 Quo
620 3175 651 3231 iit
673 3180 705 3230 ut
726 3171 775 3228 vix
798 3184 833 3226 ex
856 3165 981 3239 singulis
1004 3160 1182 3236 quibusdam
1196 3154 1270 3214 locis

108 3290 206 3360 (quos
229 3287 352 3340 cunctos
374 3278 492 3352 collegit
502 3277 604 3336 Boniti
628 3293 655 3350 p.
673 3270 724 3332 26.
747 3261 1122 3340 9119773,16.634,1),
1145 3258 1271 3318 maxime

107 3404 181 3448 vero
205 3384 257 3443 uhi
280 3363 453 3456 explicatius
476 3379 534 3454 egit
557 3385 586 3436 et
607 3374 728 3434 uherius
751 3390 779 3446 p.
796 3368 868 3442 682,
884 3365 981 3442 3sqq.
1006 3367 1057 3442 (ei.
1081 3370 1141 3437 pet.
1154 3355 1269 3422 8-13.

109 3491 162 3550 22.
180 3483 324 3556 25-27,
358 3484 408 3542 uhi
437 3473 624 3561 ἐπιστροφὴ
653 3479 702 3535 1119
730 3482 759 3534 91
786 3461 1001 3552 ἂγαθοδοσία
1027 3467 1163 3525 Proclum
1185 3462 1271 3534 plana

109 3592 199 3667 sapit,
223 3590 260 3648 el.
285 3603 310 3645 e.
334 3602 376 3658 gr.
400 3586 499 3643 Theol.
524 3584 565 3641 Pl.
589 3599 617 3655 p.
634 3575 684 3639 95.
701 3573 751 3637 93.
776 3575 895 3649 Dionys.
918 3590 947 3647 p.
964 3563 1113 3630 355-58
1130 3564 1182 3622 cd.
1198 3563 1269 3618 Ven.

109 3689 215 3765 1755)
238 3697 268 3748 91
289 3707 317 3762 p.
334 3685 397 3748 800
419 3687 470 3759 (91.
496 3683 608 3760 Syrien.
625 3700 653 3755 p.
670 3678 732 3738 114
745 3679 830 3751 Bag.)
854 3682 1002 3734 auctorum
1026 3683 1170 3746 agnoscas
1196 3663 1272 3722 Nee·

110 3793 261 3872 platonica
289 3797 382 3848 991919
409 3788 603 3862 posteriorem
627 3784 678 3857 (91.
704 3781 804 3840 Bonitz
828 3781 846 3836 l.
871 3781 912 3850 e.)
947 3783 976 3834 et
999 3771 1105 3832 studiis
1126 3766 1185 3826 illis
1208 3765 1273 3822 Ari-

111 3894 266 3958 stotelicae
295 3890 382 3949 simul
417 3887 620 3964 philosophiae
647 3892 676 3942 91
698 3882 792 3941 Procli
814 3879 980 3938 Platonicae
1007 3880 1074 3949 post
1097 3873 1273 3932 exstinctum

113 3997 325 4060 hellenismum
347 3991 404 4049 iam
428 3993 504 4048 inter
526 3990 609 4062 ipsos
633 4001 691 4044 sec.
715 3985 750 4041 Vl
774 3982 954 4042 Christianos
976 3975 1115 4036 resumtis
1131 3972 1272 4042 falsisque

114 4099 249 4175 Dionysii
273 4091 464 4167 Areopagitae
490 4091 573 4149 libris
600 4089 753 4146 imbutum.
801 4086 916 4156 integro
944 4077 1100 4139 Alexandri
1121 4076 1152 4132 in
1174 4079 1285 4146 poste.

116 4207 213 4265 riores
237 4199 397 4270 Metaphys.
425 4195 517 4252 lihros
545 4189 753 4252 commentario
781 4203 854 4246 usus
878 4191 923 4242 est
946 4181 1101 4256 syrianus,
1137 4174 1186 4248 qui
1210 4172 1273 4230 Ari-

117 4304 234 4368 stotelis
257 4307 386 4358 mentem
410 4297 572 4356 seeundum
596 4292 791 4350 Alexandrum
818 4287 943 4362 primum
967 4279 1086 4354 exponit
1109 4277 1214 4336 deinde
1238 4289 1273 4330 ex

121 4426 177 4468 suo
205 4405 313 4465 reiutat
341 4398 589 4470 uenienquidem
620 4392 774 4452 Alexandri
808 4404 879 4448 raro
901 4394 929 4444 et
956 4399 1021 4442 cum
1048 4380 1149 4454 paucis
1177 4374 1274 4436 verhis
