3036 5164
664 352 727 454 mr

112 541 183 588 eum
217 525 357 606 explicata
392 527 463 605 sint,
499 532 634 606 sequitur
659 540 691 591 ut
724 533 760 590 de
783 531 914 606 partibus
949 529 1117 590 animalium
1139 528 1270 590 incessui

113 634 352 693 deservientibus
373 627 427 711 (τὰ
450 627 528 717 περὶ
549 627 609 708 τὰς
631 624 777 714 κινήσεις
795 649 835 692 sc.
858 623 974 717 μόρια)
1009 633 1205 693 disseramus”
1228 631 1270 710 (in
1295 641 1298 646 '

112 735 162 791 ed.
187 751 254 810 opp.
279 736 378 796 Averr.
395 736 474 811 Vl,1
498 755 526 812 p.
543 736 614 798 202.
639 737 674 795 ot.
699 737 777 795 Titae
800 738 836 794 de
859 737 906 793 Ar.
931 750 997 810 opp.
1022 737 1099 796 serie
1121 753 1149 812 p.
1167 735 1231 816 60),
1255 753 1272 796 a

110 835 241 896 librariis
263 838 354 897 libros
377 841 413 897 de
436 855 502 914 gen.
527 840 623 899 statim
645 848 713 913 post
728 841 746 898 l.
764 841 800 898 de
815 846 887 912 part.
912 839 1078 913 legentibus
1101 838 1184 897 lacile
1199 839 1272 898 illud

110 947 295 1014 corruptum,
319 942 426 1000 deinde
450 959 541 1016 quom
564 941 630 999 libri
653 941 821 1000 deincessu
837 941 1271 1014 clausulaaliapotinsratione

109 1041 286 1116 explicanda
308 1043 354 1117 sit,
379 1043 499 1102 omnino
521 1060 591 1102 vero
615 1046 650 1102 ad
673 1045 749 1102 banc
772 1045 972 1118 quaestionem
1003 1059 1062 1102 non
1090 1045 1175 1104 saciat
1196 1045 1271 1104 liber

109 1145 149 1203 de
172 1152 254 1203 motu
277 1145 460 1218 animalium,
489 1146 545 1205 iam
570 1163 607 1204 ne
631 1147 659 1206 in
684 1146 825 1205 clausulis
852 1147 972 1221 quidem
995 1146 1134 1205 librorum
1158 1147 1270 1208 Aristo-

108 1247 179 1305 telis
201 1248 295 1322 magis
318 1263 406 1322 quarn
429 1247 459 1306 in
483 1248 669 1308 citationibus
692 1249 842 1308 arbitraria
872 1249 969 1324 egisse
992 1247 1101 1309 librarii
1124 1251 1270 1322 videntur,

107 1348 285 1422 praesertim
308 1365 399 1423 quum
422 1359 537 1425 praeter
559 1359 804 1411 commentatores
828 1352 955 1412 Graecos
979 1368 1082 1411 omnes
1105 1353 1165 1412 iere
1181 1353 1270 1412 libro·

108 1467 177 1509 rum
200 1451 452 1511 Aristotelicorum
475 1459 505 1512 et
527 1433 680 1513 citationes
703 1463 731 1514 et
754 1455 900 1514 clausulas
930 1453 1083 1515 confirmet
1104 1455 1270 1515 vetustissi-

108 1569 227 1612 morum
255 1553 387 1613 codicum
416 1571 596 1630 consensus,
634 1557 749 1615 illorum
783 1573 823 1615 sc.
859 1573 935 1632 quos
962 1557 1048 1616 nobis
1078 1557 1269 1632 interpretum

109 1655 301 1715 Aretinorum
325 1665 460 1716 accurata
482 1666 560 1718 certe
589 1659 655 1718 licet
678 1675 712 1718 ea
734 1660 798 1733 ipsa
821 1660 857 1718 de
880 1675 968 1719 causa
997 1675 1098 1719 errans
1121 1661 1269 1720 interdum

111 1777 262 1835 sensuque
285 1761 406 1820 omnino
429 1769 479 1820 aut
502 1761 631 1820 carentia
653 1770 703 1820 aut
723 1761 822 1836 paullo
845 1769 954 1820 mutata
977 1764 1140 1837 proferens,
1170 1764 1269 1824 critico

112 1870 209 1922 tamen
232 1863 349 1938 negotio
373 1865 419 1924 vel
442 1864 467 1922 si
490 1879 544 1939 pro
567 1864 633 1938 ipso
656 1871 737 1924 textu
759 1865 884 1923 Arabico
906 1865 1060 1923 versiones
1083 1865 1176 1924 seculi
1192 1866 1269 1924 tertii

115 1965 218 2024 decimi
249 1965 354 2024 latinas
382 1967 523 2025 adhibeas
550 1975 582 2024 ut
609 1967 797 2026 obscuriores
829 1967 869 2026 ita
895 1983 955 2025 non
983 1968 1081 2026 minus
1108 1976 1267 2042 accuratas,

112 2067 269 2125 admodum
292 2067 372 2126 utilis
396 2084 483 2142 opera
508 2071 642 2129 servavit.
687 2070 768 2138 Quae
791 2078 888 2128 tamen
911 2070 1021 2129 utilitas
1043 2078 1163 2146 propter
1174 2071 1268 2146 ipsam

110 2167 227 2242 linguae
250 2169 390 2230 Arabicae
413 2156 542 2230 indoler‘n
566 2169 614 2247 (cl.
639 2174 751 2231 Zenlver
774 2172 834 2232 Cat.
857 2187 886 2245 p.
903 2169 957 2250 12)
985 2187 1044 2231 non
1072 2181 1130 2232 tam
1153 2174 1183 2232 in
1207 2175 1268 2234 sin·

110 2270 188 2344 gulis
211 2271 308 2330 verbis
332 2275 461 2332 cernitur
482 2275 668 2350 maximeque
695 2277 775 2334 nulla
801 2282 847 2334 est
873 2274 903 2332 in
926 2274 1121 2334 diiudicandis
1144 2277 1269 2336 coniun-

110 2374 258 2433 ctionibus
282 2391 370 2449 saepe
393 2377 524 2436 intense
548 2393 647 2436 errore
671 2378 857 2436 commutatis
881 2363 923 2460 (ἤ,
937 2367 1002 2451 καί,
1016 2366 1158 2460 papate.)
1182 2380 1267 2439 cuius

93 2463 151 2534 'rei
176 2476 204 2534 in
229 2477 416 2539 versionibus
438 2480 536 2538 latinis
560 2481 693 2553 exempla
716 2479 880 2553 frequentia
902 2479 1043 2538 invenies.
1081 2481 1182 2554 Neque
1197 2498 1267 2543 vero

108 2595 144 2638 eo
167 2577 242 2639 tides
276 2595 376 2639 earum
403 2581 545 2642 minuitur
579 2584 658 2657 quod
681 2582 827 2640 interdum
854 2590 887 2642 ut
909 2583 1050 2643 enuntiati
1074 2583 1176 2643 Graeci
1199 2601 1268 2645 sen·

106 2681 198 2740 tentia
227 2681 263 2740 ab
289 2683 412 2742 Arabico
441 2685 550 2744 lectore
577 2684 691 2742 facilius
718 2683 897 2759 intelligatur
922 2686 1011 2745 verba
1038 2687 1149 2761 aliquot
1175 2687 1268 2768 (velut

107 2786 188 2843 verb.
211 2783 283 2843 linit.
307 2785 337 2843 in
361 2785 472 2844 Graeco
495 2785 653 2865 omissum)
687 2787 767 2845 addit
799 2787 945 2861 interpres
980 2784 1028 2865 (cl.
1051 2804 1076 2847 e.
1094 2807 1136 2864 gr.
1154 2793 1268 2850 Zenker

104 2903 133 2962 p.
150 2886 190 2946 41
204 2895 266 2946 not.
282 2888 311 2947 2.
328 2887 379 2962 41,
392 2890 422 2948 4.
440 2889 491 2964 42,
505 2887 524 2949 3
541 2896 596 2948 etc.
620 2888 742 2948 uberius
765 2889 814 2947 ille
827 2891 976 2964 explicans
993 2891 1029 2948 cl.
1048 2889 1099 2965 68,
1117 2891 1146 2952 1.
1164 2875 1215 2968 68,
1232 2891 1261 2954 3.

107 2989 160 3065 71,
177 2987 206 3050 3.
233 2989 329 3064 79,1..
352 2988 404 3066 83,
421 2992 449 3051 2.
473 2990 525 3063 84,
542 2991 571 3048 4.
596 2987 647 3063 85,
665 2990 694 3049 1.
710 2989 762 3065 86,
778 2988 798 3052 3
815 3001 868 3051 etc.
902 2993 937 3050 cl.
955 2989 1006 3067 37,
1023 2986 1082 3070 2),
1103 3011 1200 3068 neque
1230 3011 1266 3055 eo

109 3094 189 3167 quod
218 3095 363 3168 quaedam
390 3103 440 3154 aut
465 3094 579 3154 incuria
606 3095 652 3152 vel
679 3102 795 3169 praeter
822 3111 884 3154 rem
912 3096 980 3156 licet
1005 3111 1072 3154 raro
1095 3097 1194 3156 omisit
1216 3093 1265 3176 (cl.

106 3191 160 3268 34,
177 3193 206 3254 1.
223 3193 274 3271 43,
290 3197 320 3255 4.
337 3195 388 3272 56,
406 3194 424 3257 5
441 3205 495 3256 etc.
520 3213 667 3270 saepeque
689 3198 831 3256 vocabula
853 3199 982 3273 neglexit
1004 3199 1114 3258 nullius
1126 3200 1267 3259 momenti

105 3299 188 3357 velut
209 3297 259 3371 62,
276 3300 305 3358 4.
328 3297 380 3376 70,
395 3297 424 3361 3.
447 3298 499 3373 82,
514 3301 544 3358 4.
561 3296 649 3372 84,5
683 3307 712 3358 et
738 3302 784 3358 vel
808 3300 951 3376 integrum
980 3303 1005 3362 si
1032 3302 1134 3361 inutile
1160 3301 1214 3360 luit
1235 3309 1269 3360 ut

107 3417 197 3475 saepe
226 3401 256 3460 in
286 3401 345 3463 Cat.
375 3404 558 3464 enuntiatum
584 3419 612 3475 p.
629 3399 681 3475 45,
697 3401 726 3460 2.
748 3399 798 3477 75,
816 3401 848 3483 1)
883 3412 932 3462 aut
965 3411 1074 3464 mutata
1106 3405 1268 3479 paullisper

108 3503 171 3563 sive
196 3505 272 3563 serie
295 3507 452 3564 verborum
473 3503 522 3583 (cl.
540 3500 628 3578 77,3
651 3511 681 3563 et
702 3504 824 3584 passim)
849 3506 912 3565 sive
935 3507 1076 3566 enuntiati
1099 3504 1267 3583 formaliter

107 3606 298 3682 interrogatio
326 3607 460 3682 negativa
487 3607 551 3681 ipsa
579 3606 735 3681 negatione
763 3608 936 3682 exprimitur
956 3625 985 3682 p.
1002 3608 1053 3681 40,
1070 3608 1099 3682 2,
1122 3608 1193 3668 item
1214 3621 1267 3666 ne·
1372 3638 1375 3649 ι

108 3710 187 3784 gatio
216 3709 245 3768 in
277 3717 376 3769 enunt.
405 3709 609 3768 affirmativum
643 3708 1021 3790 convertitur69,1eto.)
1055 3719 1105 3771 aut
1138 3710 1266 3785 denique

109 3812 220 3871 Graeca
242 3813 328 3871 verba
351 3813 426 3870 male
449 3813 551 3886 legens
573 3811 604 3869 in
626 3812 815 3871 translatione
838 3813 933 3872 aliena
954 3814 1054 3887 posuit
1076 3812 1125 3892 (cf.
1138 3831 1166 3888 p.
1177 3809 1265 3886 32,1.

108 3910 160 3987 35,
176 3909 206 3973 3.
224 3909 275 3989 37,
291 3913 334 3990 4).
380 3913 444 3972 Non
467 3913 546 3972 enim
569 3914 626 3972 nisi
649 3929 715 3973 raro
738 3914 842 3973 barum
864 3916 1034 3976 versionum
1057 3917 1087 3975 in
1103 3933 1138 3976 eo
1152 3915 1267 3975 estuti·

107 4016 175 4075 litas
201 4023 234 4074 ut
261 4033 337 4076 nova
359 4015 548 4089 suppeditent
569 4048 611 4058 —
644 4033 711 4077 nam
739 4017 860 4078 Zenkeri
894 4019 967 4078 r‘atio
1000 4019 1048 4078 illa
1084 4035 1140 4093 qua
1163 4017 1265 4092 quavis

108 4118 216 4193 pagina
244 4119 375 4177 diversas
402 4134 437 4177 ex
460 4116 562 4176 Arabis
588 4119 686 4178 verbis
709 4119 811 4180 Graeci
839 4137 927 4195 quem
955 4130 1075 4182 secutus
1103 4121 1141 4180 sit
1167 4125 1265 4179 textus

109 4219 253 4279 lectiones
276 4227 305 4280 et
327 4221 373 4279 vel
395 4220 550 4279 manifesto
573 4221 662 4280 falsas
686 4219 733 4297 (el.
755 4218 807 4293 47,
823 4219 852 4282 7.
874 4221 925 4299 55,
942 4222 970 4283 1.
988 4221 1039 4299 58,
1056 4221 1156 4300 Aeto.)
1180 4220 1264 4294 eruit,

110 4322 183 4381 baec
206 4321 326 4381 omnino
349 4323 542 4398 improbanda
564 4331 611 4382 est
632 4353 673 4364 --
696 4324 749 4382 sed
771 4323 868 4398 potius
897 4325 928 4385 in
955 4342 991 4387 eo
1013 4335 1045 4387 ut
1068 4324 1193 4400 optimas
1216 4338 1266 4382 co-

111 4422 210 4484 dicum
243 4423 421 4486 Graecorum
458 4425 602 4486 lectiones
640 4429 789 4488 consensu
821 4421 995 4492 confirment
1026 4436 1183 4504 textusque
1216 4433 1266 4488 tut
