3024 5162
660 389 721 453 201

111 542 317 638 amamtt'
341 550 429 621 ἐστὶν
450 579 501 679 oto
524 555 681 647 διαφέρει
700 561 796 644 σῶμα
817 554 972 645 σώματος
997 567 1114 642 (simpl.
1132 567 1170 626 in.
1188 584 1213 625 v.
1229 565 1265 641 8)

108 643 186 722 0000
207 651 350 744 papiana
371 655 536 749 κουφότης
569 658 748 753 σκληρότης
775 661 967 790 μαλακότης
986 660 1105 755 ψόφος
1126 660 1265 756 όψοφία

109 754 266 848 λευκότης
286 757 470 852 μελανότης
499 761 657 854 γλυκότης
682 764 842 857 πικρότης
862 763 1001 859 ὑγρότης
1023 765 1160 858 ξηρότης
1181 794 1264 836 πακ-

108 855 208 951 νότης
239 859 384 954 μανότης
416 867 473 933 καὶ
503 868 546 934 ιδ
577 868 702 954 μεταξὺ
727 867 888 952 τούτων(
874 880 925 952 (.ol
950 895 1008 938 reo
1025 878 1112 938 atto
1128 875 1263 940 16-18.
1286 951 1295 958 ,

108 971 145 1029 oi.
170 971 273 1047 Simpl.
301 974 339 1034 ib
361 973 491 1051 v.1sq.
525 979 614 1039 verbu
622 980 801 1056 sequentia
828 980 915 1040 2444)
937 971 1027 1042 18ί
1011 972 1200 1060 ομοίως-
1157 975 1264 1043 -20

105 1063 290 1158 ποιότητας
312 1076 417 1138 omittit
438 1077 530 1139 Arabs
553 1083 571 1139 i.
588 1080 683 1155 316ιι,
708 1100 744 1142 ex
766 1091 848 1158 parte
871 1086 983 1159 codd),
1007 1075 1133 1164 ὁμοίως
1155 1079 1264 1148 δὲκαὶ

105 1170 148 1239 τό
178 1164 267 1239 δι’λλιι
299 1173 341 1241 ee
365 1170 434 1244 tue
460 1176 521 1258 τὰς
547 1174 742 1268 αἰσθήσεις·
777 1178 869 1248 ἅπαν
901 1179 962 1271 γδρ
990 1186 1086 1266 σῶμα
1109 1178 1263 1267 σώματος

105 1275 266 1366 διαφέρει
286 1282 357 1358 τοῖς
379 1275 594 1373 αἰσθητοῒςῆ
616 1277 814 1352 πλιίοσιν”
792 1311 813 1374 η
836 1280 1055 1354 ἕλόττοσιν”
1033 1313 1052 1376 η
1075 1311 1120 1376 τῳ
1105 1287 1262 1370 ’μᾶλλον

105 1380 164 1448 καὶ
195 1369 294 1468 ἧττον
326 1387 395 1464 τοῖς
428 1380 542 1466 αὐτοῖς
579 1395 653 1468 (vor.
682 1394 747 1452 leot.
776 1395 860 1453 codd.
888 1395 978 1453 Hira
997 1403 1050 1454 ete.
1087 1395 1136 1470 qui
1170 1409 1261 1470 quum

104 1496 264 1565 utrumque
287 1490 317 1550 in
340 1493 395 1551 noo
418 1494 512 1569 eapite
533 1502 646 1555 textum
669 1498 812 1558 misceant
829 1499 859 1557 in
876 1501 933 1558 hou
950 1499 1068 1574 quidem
1081 1501 1259 1557 Ιοεονιιιιιιιι

105 1597 217 1652 textum
240 1601 341 1669 oporte
364 1606 537 1672 sequuntur.
561 1599 596 1657 ei.
621 1598 846 1674 Simpl.v.10).
870 1591 957 1664 ἀλλὰ
978 1597 1043 1685 μὴν
1064 1595 1121 1663 καὶ
1143 1590 1260 1661 ἅλλοι-

104 1694 202 1758 οῠται
212 1691 252 1760 τό
268 1686 560 1779 ἀλλοιούμενον
572 1702 784 1776 (virtutib.)
796 1693 865 1768 ὑπὸ
876 1704 942 1766 τῶν
954 1696 1141 1787 εἰρημένων·
1154 1700 1259 1765 ταῦτα

104 1789 165 1883 γόρ
192 1791 265 1862 ἐστι
296 1792 396 1886 πάθη
427 1801 486 1886 τῆς
517 1793 739 1885 ὑποκειμένης
767 1795 947 1888 ποιότητος
969 1809 1070 1881 (codd.
1094 1810 1118 1866 H
1141 1809 1184 1866 Ha
1203 1815 1257 1866 ete.

107 1905 142 1962 oi.
165 1905 264 1981 Simpl.
287 1923 314 1966 v.
332 1904 381 1966 13.
406 1907 463 1965 inm
486 1916 740 1983 sequunturquae
754 1925 782 1982 p.
797 1909 883 1968 24411
901 1909 962 1984 6:)·
984 1899 1007 1994 ἢ
1028 1904 1090 1993 γδρ
1112 1911 1257 1995 θερμαι-

106 1996 241 2084 νόμενον
256 2017 309 2070 eto.
324 2017 378 2069 eto.
411 2010 497 2080 Quod
509 2009 534 2068 si
546 2015 643 2069 autem
656 2019 861 2086 argumentum
873 2013 988 2086 septimi
1001 2014 1067 2073 libri
1079 2015 1255 2089 respexeris,

106 2111 186 2184 quod
207 2127 272 2172 oum
294 2114 387 2173 uetari
411 2113 608 2188 disputatione
634 2129 692 2187 qno
712 2121 743 2172 et
765 2129 832 2173 esse
853 2129 944 2188 posse
967 2115 1132 2174 ostenditur
1153 2124 1182 2175 et
1204 2133 1257 2176 ne·

103 2213 233 2272 cessario
267 2231 334 2275 esse
367 2223 477 2276 metum
513 2217 659 2291 quendam
687 2231 778 2276 unum
805 2224 834 2276 et
859 2217 1032 2277 continuum
1060 2225 1088 2276 et
1110 2217 1255 2278 infinitum

100 2315 228 2392 eumque
255 2325 322 2378 esse
344 2326 456 2378 motum
479 2319 660 2390 circularem,
689 2321 770 2378 nuile
793 2321 879 2393 plone
907 2320 1117 2380 sententiarum
1139 2321 1255 2380 vinculo

99 2417 289 2494 coniungitur
309 2437 365 2481 nee
386 2425 447 2482 ullo
470 2423 558 2482 huius
581 2421 647 2481 libri
670 2423 736 2481 loeo
759 2422 857 2496 aliqua
878 2423 1027 2482 mentione
1043 2423 1200 2497 respicitur
1214 2455 1255 2466 -

99 2521 128 2579 id
155 2525 237 2596 quod
269 2525 395 2584 maxime
429 2525 614 2584 desideratur
632 2522 661 2596 8,
678 2524 698 2582 4
716 2539 760 2598 sq.
796 2524 846 2582 uhi
874 2523 970 2582 similo
999 2531 1204 2598 argumentum
1227 2533 1255 2584 et

99 2623 221 2685 uberius
255 2627 374 2703 quidem
395 2635 535 2688 tractatur
560 2636 590 2688 et
610 2627 678 2686 lieet
700 2626 756 2686 ulia
777 2625 890 2686 ratione
912 2632 945 2684 ut
966 2625 1110 2686 Avertens
1133 2627 1205 2687 dixit
1227 2636 1256 2689 et

56 2733 61 2738 '
96 2728 261 2790 intentione
284 2725 399 2790 diversa
422 2731 524 2806 (Phys.
542 2731 560 2789 f.
578 2727 678 2802 3120)
712 2730 751 2789 ita
773 2737 870 2788 tumen
894 2735 926 2794 ut
948 2729 1020 2788 naeu
1042 2729 1253 2789 demonstratio

96 2832 231 2892 nondum
253 2839 339 2891 anteo
362 2840 498 2908 suscepto
520 2832 613 2892 inisse
635 2832 827 2908 intelligatur,
851 2830 974 2905 amplior
996 2831 1045 2890 iila
1066 2841 1154 2905 onom
1178 2847 1254 2905 quae

95 2935 289 3008 praecedatur
311 2951 345 2994 ea
367 2951 442 3010 quae
465 2944 510 2994 est
525 2933 602 3010 7,1;
625 2951 722 3010 nequo
744 2935 796 2994 uhi
818 2935 882 3009 ipse
905 2949 1023 2993 omnem
1034 2934 1252 3008 generationem

96 3045 124 3097 et
156 3037 376 3114 corruptionem
410 3039 446 3097 od
479 3028 648 3122 σύγκρισιν
681 3045 708 3098 et
739 3027 906 3120 διάκρισιν
939 3035 1037 3110 itaque
1071 3037 1107 3096 ad
1141 3045 1252 3101 motum

94 3143 219 3202 localem
247 3143 337 3201 refert
359 3139 404 3215 (8,
422 3139 450 3201 t.
474 3143 510 3202 oi.
535 3142 621 3202 etiam
636 3139 666 3212 8,
683 3141 718 3214 9)
742 3143 778 3200 ad
794 3137 860 3214 7,2
881 3139 1052 3214 respicitur;
1081 3145 1109 3199 ut
1137 3148 1251 3200 sextum

94 3253 122 3305 et
146 3245 283 3320 quintum
307 3259 395 3319 saepe
416 3245 538 3321 respicit
560 3252 681 3305 neturus
696 3245 747 3318 (ei.
765 3243 837 3317 262,
854 3242 872 3303 1
888 3265 924 3294 =
941 3239 970 3316 5,
986 3242 1023 3316 4)
1046 3277 1087 3286 -
1110 3245 1251 3304 contrusi

95 3349 328 3425 disputationem
348 3363 423 3423 quae
446 3356 491 3408 est
513 3349 605 3408 octavi
627 3349 658 3407 in
681 3349 756 3408 sexti
779 3348 837 3407 tine
858 3346 1039 3423 propositam
1061 3354 1090 3406 et
1104 3347 1253 3407 omninno

93 3454 171 3514 libro
202 3459 403 3527 praeparatum
428 3453 537 3511 rideris
565 3452 690 3525 septimo
717 3466 840 3524 prorsus
867 3451 1053 3524 interrumpi,
1088 3451 1166 3508 huno
1192 3465 1252 3509 non

94 3557 194 3618 sotum
226 3556 313 3628 plane
345 3555 478 3613 inutilem
512 3569 579 3614 esse
606 3553 688 3613 dioes
714 3552 782 3611 huie
808 3553 888 3623 loeo,
924 3552 1000 3612 siout
1025 3552 1045 3610 ii
1074 3565 1149 3625 quos
1175 3553 1252 3611 mule

93 3657 263 3736 reprobavit
285 3657 449 3717 Alexander
471 3658 588 3733 (Simpl.
605 3654 694 3716 otoo
709 3653 745 3728 8)
768 3663 858 3730 utque
881 3657 917 3714 de
939 3654 1034 3729 primo
1057 3661 1136 3713 terte
1159 3654 1251 3728 eapite

93 3763 182 3822 etium
206 3761 383 3820 Themistt'us
407 3761 521 3834 (Averr.
539 3762 557 3820 l.
574 3761 626 3834 n),
650 3759 702 3818 sed
725 3759 934 3832 importunum.
973 3756 1070 3831 Agunt
1092 3758 1170 3817 enim
1185 3757 1251 3817 libri

92 3873 154 3925 tres
178 3864 220 3923 iili
243 3865 279 3924 de
301 3872 382 3923 motu
406 3863 489 3938 quasi
512 3864 549 3922 de
571 3871 652 3922 motu
669 3861 753 3921 toeaii
777 3861 826 3935 qni
844 3862 974 3919 omnium
992 3859 1251 3936 motuumprimus

93 3975 195 4029 motus
218 3967 316 4027 omniu
338 3981 446 4041 genera
468 3965 690 4042 comprehendit
710 3972 858 4039 tamquam
882 3963 1056 4023 universalis
1072 3971 1100 4022 et
1115 3963 1251 4036 sinequo

94 4073 185 4134 ueteri
214 4085 282 4130 esse
309 4087 369 4130 non
396 4079 523 4143 possunt
545 4067 590 4143 (8,
607 4067 652 4142 t),
677 4069 716 4128 ito
743 4068 861 4143 quidem
887 4074 920 4126 ut
942 4074 1097 4141 postquam
1121 4064 1151 4122 in
1172 4065 1253 4138 prio·

93 4178 177 4237 ribus
213 4175 249 4234 de
279 4174 343 4247 ipsa
377 4187 479 4231 eorum
512 4187 587 4246 quoe
620 4173 656 4230 od
686 4178 799 4231 motum
833 4184 950 4230 omnem
984 4167 1150 4228 necessaria
1184 4176 1252 4227 sunt

93 4287 199 4340 natura
221 4275 422 4353 magnitudine
445 4291 487 4334 so.
511 4277 576 4335 loeo
599 4283 628 4334 et
650 4283 782 4350 tempore
805 4274 914 4334 dietum
938 4281 991 4345 est,
1014 4273 1071 4330 iam
1095 4277 1252 4344 quaeratur

94 4382 246 4459 qiromodo
269 4380 298 4438 in
321 4386 403 4438 motu
427 4379 486 4438 sint
507 4379 555 4438 itin
579 4378 640 4438 sire
663 4394 722 4438 non
746 4378 805 4438 sint
827 4391 902 4451 quae
924 4376 1000 4432 eirea
1021 4373 1250 4448 rnngnitndinem

93 4485 302 4562 praedioantur
325 4497 401 4558 quae
422 4491 556 4543 moretur
572 4489 601 4540 et
616 4482 691 4541 cirea
714 4489 831 4554 tempus
843 4493 902 4553 quo
914 4484 1049 4539 movetur
1069 4470 1107 4539 τό
1121 4469 1252 4554 συνεχές
