3072 5164
817 379 859 442 74

261 550 309 634 τῷ
331 540 462 633 ἀπείρῳ
487 548 553 612 τῶν
575 541 761 632 λεγομένων
781 540 954 626 στοιχείων
976 540 1066 623 (203,
1081 546 1137 619 16)
1163 550 1225 608 sive
1252 559 1357 622 aquarn
1383 555 1418 606 ut

262 655 367 713 Thales
388 653 496 727 aliique
518 653 581 711 sive
602 667 700 710 aerem
722 657 755 710 ut
774 650 981 722 Anaximenes,
1004 651 1042 708 ita
1055 649 1302 730 Anaximandrum
1317 665 1417 708 rernm

262 755 480 830 generationem
502 755 717 814 describentem
739 751 801 811 sive
824 742 968 831 ἔκκρισιν
990 752 1065 810 banc
1087 752 1184 826 logice
1204 753 1278 812 dicis
1301 759 1418 810 conbu-

262 857 373 916 riorum
395 855 457 914 siue
473 856 595 930 physice
606 854 699 927 magis
709 842 858 928 μανώσει
869 861 898 912 et
910 843 1077 915 πυκνώσει
1089 855 1194 912 sactum
1205 885 1246 896 -
1258 861 1418 926 utrumque

263 959 341 1018 enim
364 973 396 1014 re
417 973 485 1016 nera
508 957 553 1014 bis
567 955 695 1028 antiquis
707 955 785 1014 idem
803 945 1009 1033 ιιι-σῶμά
1030 974 1065 1016 σι
1087 945 1252 1036 αἴσθησιν
1273 943 1419 1037 ἔπειρον

262 1058 426 1119 subiecisse
448 1067 477 1116 et
498 1059 594 1132 ipsum
611 1057 801 1130 intelligebat,
822 1058 890 1116 licet
904 1073 1063 1131 numquam
1080 1073 1149 1116 eum
1163 1057 1251 1116 buius
1267 1057 1418 1132 opinionis

262 1160 371 1220 diserte
392 1167 541 1218 auctorent
567 1157 715 1232 praedicet
742 1159 862 1218 omnino
890 1175 958 1218 eum
985 1160 1140 1234 negligens
1162 1155 1211 1234 (cf.
1234 1161 1322 1235 l’bys.
1340 1158 1370 1232 1,
1386 1159 1417 1218 2.

262 1260 347 1322 1841)
363 1259 415 1338 ta)
443 1267 477 1318 ut
502 1259 659 1318 rudiorem.
705 1260 791 1328 Quod
817 1268 914 1320 tamen
942 1262 1087 1320 infinitum
1116 1261 1188 1335 quid
1216 1269 1296 1320 esset
1317 1275 1417 1334 neque

262 1364 325 1436 ipse
359 1361 490 1422 definivit
521 1360 739 1420 Anaximander
769 1362 884 1435 poetica
915 1363 1097 1422 obscuritate·
1131 1379 1207 1421 usus
1237 1375 1294 1420 nec
1326 1362 1419 1420 ceteri

261 1463 313 1542 (ef.
334 1465 449 1522 blovers
469 1462 590 1520 Pbdnic.
607 1464 631 1534 l,-
644 1460 710 1522 268
718 1477 782 1535 sqq.
800 1459 871 1541 etc.)
892 1463 942 1536 qui
966 1480 1106 1538 umquam
1128 1465 1210 1522 inere
1231 1464 1362 1537 theologi
1388 1471 1419 1522 et

261 1565 517 1638 eosnrognniamm
539 1570 683 1635 auctores,
706 1564 786 1625 velut
807 1567 884 1638 apud
901 1564 1029 1624 Graecos
1052 1571 1209 1624 ctreteres
1226 1565 1418 1624 utilesiedus

262 1682 398 1742 quosque
417 1667 567 1724 Eudemus
589 1672 723 1724 recenset
745 1671 774 1724 ct
789 1667 968 1726 recentiores
983 1667 1118 1726 Asiaticis
1134 1666 1323 1740 opinionibus
1339 1667 1418 1724 macti

261 1776 294 1830 ut
314 1769 450 1842 Orpheus
471 1765 686 1826 Alexandrinus
709 1773 738 1824 et
759 1767 958 1842 Pherecydes,
989 1769 1097 1842 quibus
1120 1781 1157 1828 ex
1178 1767 1324 1842 primitiva
1346 1768 1419 1826 cali-

261 1870 328 1944 gine
355 1869 439 1944 quasi
470 1884 506 1928 ex
533 1869 658 1941 quadam
689 1867 783 1942 prima
810 1870 930 1930 materia
958 1886 1033 1944 quae
1060 1885 1162 1928 aereae
1184 1869 1273 1926 simul
1294 1875 1420 1926 naturae

261 1981 306 2034 est
328 1979 356 2032 et
378 1970 518 2031 humidae
538 1978 567 2030 et
588 1971 689 2030 aether
715 1969 777 2028 sive
799 1985 849 2028 aer
871 1978 900 2029 et
920 1978 998 2030 terra
1020 1983 1159 2044 mareque
1186 1969 1347 2043 gignuntur
1377 1969 1421 2028 ita

260 2081 297 2132 ut.
313 2073 393 2133 varie
414 2072 527 2144 posteri
549 2073 637 2130 modo
660 2073 716 2130 hoc
738 2072 827 2130 modo
853 2072 926 2133 illud
948 2063 1089 2147 urgentes
1112 2079 1250 2145 certaque
1272 2071 1420 2145 principia

261 2189 402 2250 qmerere
425 2173 501 2232 docti
526 2171 575 2249 (cf.
593 2173 624 2232 b.
640 2173 672 2230 L.
690 2170 719 2242 9,
737 2170 768 2248 2)
792 2186 891 2232 rerum
914 2176 992 2248 apud
1014 2189 1068 2236 eos
1088 2172 1248 2246 primordia
1271 2174 1419 2246 interpre-
1461 2233 1463 2238 ,

260 2284 365 2337 tantm.
410 2276 509 2347 ltaque
542 2273 619 2334 sicut
646 2281 728 2332 erant
760 2275 810 2347 qui
838 2275 959 2334 Hesiodi
978 2265 1060 2353 χάος
1093 2271 1166 2349 (sec.
1193 2275 1357 2346 Zenonem,
1378 2275 1418 2334 el.

260 2379 385 2439 llriscbe
405 2377 528 2438 Forsan.
541 2374 571 2447 1,
587 2371 661 2448 395)
685 2382 714 2432 et
735 2375 911 2452 Pherecydis
935 2378 1067 2436 dicerent
1088 2390 1194 2447 aquam
1216 2374 1330 2448 (Acbill
1354 2377 1417 2434 Tat.

261 2481 333 2552 laag.
361 2478 392 2536 in
420 2477 495 2536 Arat.
518 2495 547 2550 p.
564 2474 619 2546 83,
644 2477 680 2534 ci.
710 2479 746 2536 de
768 2477 944 2552 Pherecydis
971 2486 1050 2536 terra
1076 2479 1154 2538 Sext.
1182 2477 1265 2550 Bmp.
1296 2495 1326 2551 p.
1341 2475 1418 2549 126,

260 2585 296 2640 de
320 2581 438 2653 Orpheo
460 2578 576 2637 Lobeck
598 2577 662 2654 Agl.
677 2579 700 2650 l,
714 2575 785 2638 172.
803 2576 877 2640 485.
892 2576 979 2658 487),
1002 2579 1041 2640 ita
1056 2577 1264 2636 Anaximandri
1286 2579 1419 2652 primum

260 2683 331 2746 iilud
354 2681 438 2740 cuius
521 2716 525 2734 .
1081 2757 1084 2763 Ι

409 2772 544 2844 οὐδέσι
566 2780 686 2864 πεῖρας
707 2771 763 2864 ἔην
785 2773 826 2844 σύ
848 2773 1163 2866 epaphroditus
1185 2775 1276 2864 ἕδρη,

260 2905 277 2948 a
299 2904 359 2962 guo
379 2886 494 2946 initium
517 2885 641 2945 iaciebat
662 2901 785 2944 narrans
808 2885 857 2946 ille

409 2977 455 3060 ὡς
478 2978 619 3070 οὐρανὸς
641 2979 675 3058 ἐς
697 2980 803 3068 πέρας
824 2974 932 3070 ἦλθεν
954 2986 1056 3061 (Orpb.
1071 2985 1269 3064 08011422)
1357 2981 1361 2989 ’

260 3093 469 3166 quomodoque
497 3090 586 3148 rebus
610 3084 697 3160 Ζεῦς
718 3081 826 3169 πέρας
852 3086 945 3150 διδοῖ
972 3089 1147 3162 (Pherecyd.
1166 3087 1245 3148 Alex.
1269 3105 1315 3160 ap.
1332 3088 1364 3146 b.
1379 3090 1416 3146 L.

260 3192 388 3266 1,110;,
428 3192 468 3250 lta
500 3191 579 3248 enim
607 3189 674 3246 licet
703 3196 804 3248 contra
830 3193 937 3250 sentiat
963 3189 1073 3246 Prellcr
1101 3190 1204 3248 libain.
1232 3191 1305 3248 llus.
1330 3187 1418 3250 1816

261 3314 290 3368 p.
305 3293 367 3355 379
390 3293 560 3366 legendum,
582 3307 642 3350 non
665 3285 785 3371 γέρας),
808 3291 881 3350 illud
904 3292 992 3366 igilur
1013 3291 1051 3348 lta
1075 3292 1281 3364 interpretatur
1302 3291 1418 3350 Aristo·

258 3397 331 3455 teies
354 3404 387 3454 ut
408 3394 494 3454 luerit
517 3391 588 3466 (non
611 3393 688 3451 enim
712 3393 782 3452 mibi
804 3395 950 3467 persuasit
972 3408 1055 3451 suam
1071 3394 1245 3452 sententiam
1268 3394 1417 3452 Seblcier-

260 3500 377 3556 ntacher
409 3497 439 3554 in
472 3505 540 3556 nota
566 3497 616 3554 illa
643 3497 679 3553 de
711 3495 928 3555 Anaximandro
962 3495 1182 3567 dissertatione,
1215 3495 1321 3554 Werkc
1336 3493 1366 3568 3,
1383 3495 1417 3567 2,

195 3580 199 3585 ¹
260 3597 438 3672 173-183,
461 3593 680 3674 σ1.152.156)
703 3591 828 3674 patefit)
851 3597 1000 3672 quoddam
1027 3607 1124 3669 neque
1147 3613 1197 3654 aer
1219 3611 1316 3670 neque
1338 3613 1417 3670 aqua

258 3703 326 3778 igne
348 3709 448 3760 tamen
469 3700 608 3770 densius,
635 3699 697 3757 sire
719 3699 796 3758 inter
816 3716 923 3774 aquam
945 3706 974 3758 ct
996 3713 1093 3758 aerem
1121 3699 1151 3756 id
1173 3706 1259 3770 putes
1283 3699 1417 3758 madium

215 3851 223 3863 .
259 3802 331 3876 quid
352 3803 452 3877 thys
469 3797 499 3872 3,
514 3800 544 3858 4.
562 3798 634 3870 203,
652 3798 701 3861 18.
725 3799 882 3876 303512)
916 3801 977 3858 sive
1011 3800 1086 3858 inter
1119 3815 1216 3858 aerem
1248 3807 1277 3858 el
1312 3801 1415 3874 ignem

258 3903 336 3979 (liet.
354 3902 383 3975 1,
399 3900 429 3962 7.
445 3900 517 3976 088,
534 3902 584 3964 30.
609 3899 804 3962 ι13281ι35
827 3910 856 3962 et
878 3903 927 3960 nbi
952 3911 1110 3974 utrumqne
1126 3899 1198 3973 332,
1215 3900 1285 3976 21),
1313 3902 1345 3960 id
1367 3911 1415 3962 est

259 4007 320 4066 sire
343 4021 436 4079 aquae
458 4005 581 4078 propius
609 4003 673 4062 sive
693 4005 772 4076 aeri,
798 4004 860 4062 sive
888 4004 1099 4077 potiusquam
1125 4005 1236 4062 nudum
1260 4019 1295 4063 cx
1318 4004 1416 4064 tribus

258 4108 411 4166 clementis
444 4107 545 4179 ipsum·
576 4105 662 4164 luerit
694 4098 789 4186 παρὰ
820 4098 862 4166 κά
895 4105 1042 4181 στοιχεῖα
1068 4106 1217 4177 quoddam
1243 4104 1345 4177 12041)
1360 4105 1412 4166 25.

257 4207 329 4282 332,
348 4208 415 4286 20),
451 4210 531 4282 qnod
557 4208 743 4266 Aristotelem
777 4209 870 4266 secuti
900 4225 960 4266 non
987 4197 1136 4288 διορίσαι
1162 4206 1414 4268 Anaximandrum
1454 4266 1460 4274 ,

258 4311 359 4370 dicunt
380 4309 570 4382 Theophrast.
594 4325 639 4384 ap.
657 4310 758 4384 Simpl.
782 4309 812 4368 in
827 4310 913 4384 Phys
930 4311 948 4368 t
965 4305 1016 4368 33.
1041 4310 1073 4366 l).
1090 4310 1122 4366 L.
1139 4307 1169 4381 2,
1186 4306 1213 4366 l.
1237 4310 1312 4368 Plae.
1337 4312 1409 4383 phil.

258 4409 333 4484 1,3
357 4413 498 4485 Porphyr.
522 4428 570 4488 ep.
593 4410 692 4484 simpl
717 4411 748 4468 in
763 4411 849 4484 Phys.
874 4413 892 4470 1.
906 4409 957 4483 32,
981 4418 1012 4469 ut
1034 4412 1114 4472 idem
1135 4411 1316 4484 dellippone
1328 4411 1410 4472 Alex.
