3072 5164
842 335 881 395 64

248 545 250 552 ‚
288 505 317 578 5,
332 502 383 564 43.
408 505 444 562 cl.
460 501 490 576 5,
505 503 556 562 49.
579 503 718 562 Alexand.
730 503 760 561 in
774 505 844 578 Top.
857 523 885 578 p.
899 505 950 566 16.
963 475 1031 567 Sch.
1047 507 1134 570 2541)
1146 509 1197 571 10.
1216 513 1252 570 de
1263 520 1436 586 argumento

286 609 322 666 cl.
346 606 432 665 Arist.
456 607 526 678 l'op.
543 606 677 663 ill-vll.
702 623 730 678 p.
743 603 816 679 155,
829 604 879 667 37.
893 608 1056 687 aeson),
1085 611 1146 670 sive
1175 601 1286 685 λύσεις
1308 610 1356 690 (ol.
1379 614 1437 672 Hc-

285 710 384 769 raclid.
397 709 429 766 Ι).
442 709 474 766 L.
487 704 517 779 5,
529 703 665 780 88ο1ο.),
693 702 877 792 διαιρέσεις
899 717 927 768 et
948 698 1172 794 ὑπομνήματα
1194 730 1235 772 sc.
1259 713 1352 788 logice
1366 715 1437 776 ,sive

286 801 560 891 ἐπιχειρηματικὰ
582 804 627 885 (D.
640 809 672 866 L.
689 806 719 880 5,
732 807 781 869 23.
806 811 841 870 cf.
866 809 933 883 Αο.)
957 813 993 870 oh
1016 815 1165 874 historicis
1178 815 1303 888 diversa,
1326 817 1357 874 in
1372 817 1438 890 qui-

286 917 342 972 hus
366 913 434 970 dicit
456 909 623 983 Simplicius
647 907 675 983 (e
697 909 871 990 Porphyris)
902 912 978 971 sicut
1006 907 1040 975 έν
1068 915 1137 991 τοῖς
1156 914 1360 996 ’μεθοδικοῖς
1380 911 1438 978 καί

285 1010 320 1078 έν
351 1013 424 1087 σαῖς
456 1005 643 1093 διαιρέσεσι
676 1012 837 1085 categorias
869 1016 1017 1075 recenseri
1052 1017 1094 1094 (in
1123 1019 1221 1094 Categ.
1237 1017 1303 1080 476
1319 1020 1371 1080 40.
1384 1019 1436 1078 41.

286 1118 406 1190 llcxipp.
419 1113 470 1187 48,
484 1113 547 1192 46).
592 1106 801 1195 Διαιρέσεων
822 1128 892 1172 vero
914 1116 1036 1190 scriptio
1059 1120 1088 1177 in
1112 1123 1211 1180 schola
1227 1129 1298 1180 tunc
1308 1123 1437 1182 maxime

284 1218 413 1278 Platonis
436 1219 575 1288 frequens
598 1223 659 1272 erat
680 1217 736 1274 hoc
757 1215 823 1289 ipso
845 1214 1010 1278 Aristotelis
1037 1227 1168 1295 tempore
1195 1224 1353 1284 dialecticis
1374 1232 1437 1282 stu-

284 1322 341 1379 diis
363 1321 382 1378 i.
406 1335 431 1378 e.
461 1315 680 1376 definitionibus
708 1325 736 1374 et
763 1316 957 1377 divisionibus
990 1337 1026 1379 ex
1053 1338 1136 1382 more
1162 1325 1297 1384 Platonis·
1318 1325 1436 1400 rigente

284 1437 339 1481 neo
366 1422 427 1479 iere
453 1419 551 1478 minus
584 1425 651 1491 post
676 1416 863 1476 Aristotelem
897 1437 984 1493 quam
1010 1423 1068 1496 ipsi
1094 1424 1277 1500 Peripatetici
1303 1421 1437 1491 θέσεων

284 1524 359 1582 lama
382 1521 489 1580 cclehri
514 1518 561 1595 (ci.
586 1520 756 1578 Xenocratis
779 1512 911 1580 θέσεων
930 1515 1049 1601 βιβλία
1069 1517 1108 1602 κ’,
1131 1520 1249 1606 στίχων
1269 1549 1334 1613 μγ.
1357 1531 1433 1590 Plut.

284 1627 320 1684 de
342 1623 423 1682 Alex.
452 1622 517 1680 sort.
539 1619 568 1693 1,
588 1621 608 1678 4
626 1629 679 1681 etc.
714 1620 790 1678 inter
821 1621 958 1697 antiquos
991 1627 1070 1684 enim
1096 1644 1156 1688 non
1183 1631 1281 1690 minus
1307 1632 1435 1706 insignis

283 1725 452 1784 dialecticus
475 1723 637 1782 habebatur
651 1723 840 1796 Xenocrates,
863 1723 894 1784 in
918 1742 1006 1798 quem
1027 1730 1101 1787 adeo
1113 1731 1196 1790 multi
1211 1732 1277 1790 lihri
1290 1733 1434 1792 dialectici

282 1828 361 1900 quod
374 1843 410 1884 ex
420 1825 486 1899 ipso
498 1825 636 1899 Diogenis
649 1823 745 1882 indice
758 1824 853 1882 elucet
864 1827 986 1886 aliorum
995 1828 1234 1892 Academicorum
1243 1835 1434 1908 referrentur,

282 1945 368 2003 quam
401 1935 504 2000 postea
537 1927 734 1994 Clitomachus
761 1926 793 1982 D.
816 1926 848 1984 L.
872 1929 1138 2006 prooem.19=.18,
1172 1937 1208 1994 de
1240 1951 1300 2009 ¹quo
1333 1945 1434 1996 tamen

281 2045 355 2102 quae
389 2028 548 2101 disputavit
578 2028 710 2087 Lehrsch
732 2029 914 2102 Sprcchphil.
939 2033 965 2088 d.
989 2031 1045 2091 Ait.
1068 2035 1100 2108 ll,
1117 2034 1251 2096 46-55
1285 2053 1320 2096 ea
1341 2036 1433 2112 prave

280 2130 406 2188 iudicata
428 2135 510 2187 sunt:
533 2144 593 2186 non
616 2129 695 2186 enim
717 2129 810 2200 magis
834 2145 927 2190 novae
949 2142 1046 2192 sectae
1068 2143 1170 2194 auctor
1190 2139 1244 2198 fuit
1266 2157 1355 2214 quom
1377 2143 1433 2200 Ar-

279 2231 406 2290 cesilaus
429 2238 458 2288 et
478 2226 631 2306 Lacydes).
656 2230 795 2288 Memorat
817 2230 963 2304 Diogenes
976 2235 1132 2311 Speusippi
1148 2234 1332 2322 διαιρέσεις
1343 2242 1387 2320 (4,
1401 2243 1430 2304 5.

278 2334 314 2390 ol.
337 2332 523 2405 Pseudoplat.
548 2347 592 2405 ep.
610 2328 663 2408 13)
687 2337 716 2388 et
737 2331 908 2392 Xenocratis
931 2331 1036 2412 (413.
1061 2340 1096 2397 ci.
1120 2341 1252 2402 eiusdem
1276 2334 1431 2419 λύσειςοῑ

278 2435 327 2492 XV
348 2433 440 2492 libros
472 2431 532 2516 τῆς
563 2427 642 2516 περὶ
673 2425 712 2493 εδ
746 2428 967 2516 διαλέγεσθαι
1000 2436 1242 2522 πραγματείας,
1275 2448 1346 2507 item
1369 2450 1430 2507 Vlll

275 2532 342 2595 τῶν
363 2528 441 2616 περὶ
466 2527 525 2617 τήν
551 2524 733 2614 διάνοιαν)
768 2552 826 2609 quo
853 2540 1001 2610 pertinent
1026 2545 1114 2603 etiam
1140 2545 1297 2624 Speusippi
1323 2541 1431 2628 ὅμοια

276 2639 378 2694 decem
400 2637 482 2695 lihris
506 2637 638 2711 exposita
661 2633 751 2713 (0.1.
764 2639 794 2710 4,
808 2635 840 2716 5)
863 2672 904 2680 —-
927 2641 952 2698 si
975 2644 1095 2716 quidem
1117 2648 1199 2708 fuere
1220 2650 1313 2724 ipsius
1324 2669 1429 2714 rerem

276 2739 434 2813 Speusippi
462 2753 558 2815 neque
588 2739 687 2811 potius
705 2747 750 2820 ut
775 2741 842 2814 quis
869 2745 1012 2818 suspicari
1039 2757 1142 2819 posset
1166 2760 1235 2824 post
1259 2752 1428 2818 Aristotelis

275 2843 395 2900 demum
415 2841 566 2901 historiam
589 2841 757 2900 animalium
784 2859 853 2901 cum
878 2861 935 2917 que
957 2857 1174 2920 componuntur
1195 2853 1298 2914 Athen.
1317 2855 1347 2931 7,
1359 2857 1428 2922 300

274 2944 352 3001 edita
374 2950 444 3002 sunt
466 2941 513 3018 (cl.
537 2940 683 3013 Athen3,
697 2940 770 3020 105)
795 2944 871 3004 siout
892 2949 1030 3024 anonymi
1053 2952 1158 3010 medici
1180 2955 1246 3015 lihri
1270 2959 1311 3017 de⁴
1328 2961 1426 3022 diaeta

272 3041 322 3120 (cl.
346 3046 432 3104 lih.ll
453 3045 483 3102 in
507 3044 590 3117 ilipp.
616 3046 661 3102 ed.
684 3045 780 3102 llllhn.
803 3062 831 3118 p.
846 3043 1004 3124 680-83)
1027 3083 1068 3092 -
1089 3053 1120 3112 in
1144 3071 1268 3128 quorum
1292 3066 1426 3123 secundo

272 3141 603 3222 (namhthen.4,13'3
626 3161 678 3218 pro
702 3138 736 3206 έν
758 3135 786 3206 δ
810 3148 1016 3230 corrigendum
1039 3164 1084 3214 est
1106 3148 1195 3237 ένδ)
1219 3176 1293 3233 quae
1309 3163 1425 3226 similes

272 3255 372 3305 essent
392 3248 509 3321 plantae
531 3243 646 3323 (Athen.
670 3246 699 3319 2,
724 3246 773 3306 61.
798 3247 848 3309 68.
872 3250 901 3322 9,
925 3249 1015 3331 369),
1045 3273 1119 3330 quae
1138 3261 1280 3320 animetis
1303 3259 1345 3342 (3,
1368 3264 1423 3328 86.

271 3343 341 3405 105.
367 3344 395 3420 7,
420 3343 491 3406 327.
515 3345 587 3408 308.
612 3346 684 3408 313.
708 3347 779 3410 319.
803 3348 875 3412 323.
900 3350 975 3434 329)
1010 3357 1200 3431 dignoscebat
1231 3365 1346 3425 diverse
1372 3384 1424 3428 se-

269 3463 392 3507 cernens
416 3445 464 3527 (ol.
489 3447 518 3521 7,
541 3447 627 3530 303).
671 3453 715 3510 Ad
741 3469 816 3526 quos
843 3449 976 3529 aliosque
1003 3458 1218 3524 Platonicorum
1244 3466 1335 3526 lihros
1357 3469 1425 3530 dia-

268 3551 334 3624 logo
358 3551 483 3625 scriptos
506 3552 553 3630 (ci.
571 3554 602 3610 ll.
618 3552 680 3625 45
703 3557 740 3613 dc
763 3555 929 3631 Speusippo
951 3559 1036 3619 cuius
1059 3573 1141 3623 erant
1162 3577 1278 3640 praeter
1293 3559 1423 3648 ὁμοίων

268 3653 400 3726 dialogos
423 3656 469 3713 vel
493 3645 759 3736 ὑπομνημασενιολ
785 3648 951 3740 διάλογοι)
983 3671 1015 3722 et
1045 3665 1084 3724 its
1115 3668 1235 3740 quidem
1265 3679 1298 3730 ut
1324 3673 1354 3730 in
1381 3691 1421 3734 eo

267 3753 331 3826 ipse
367 3761 400 3811 ut
429 3771 488 3827 par
524 3765 570 3815 est
606 3758 764 3818 dissereret
795 3761 876 3821 Plato
916 3765 1000 3837 quasi
1037 3769 1214 3842 quibusdam
1250 3763 1421 3860 ἀγράφοις

266 3846 457 3928 συνουσίαις
473 3857 534 3916 sive
550 3848 712 3939 δόγμασιν
725 3859 784 3936 (λι.
797 3863 884 3938 Phys.
895 3865 927 3938 4,
940 3865 969 3924 2.
983 3866 1145 3948 209614),
1163 3876 1333 3937 referendae
1345 3891 1419 3941 sunt

266 3965 295 4016 ot
316 3958 447 4031 priorum
469 3959 536 4017 illac
560 3961 745 4022 definitiones
773 3965 880 4038 quihus
908 3967 1068 4029 identidem
1096 3989 1188 4046 quum
1210 3978 1277 4036 slihi
1300 3983 1417 4044 lumin

264 4059 379 4133 Topicis
400 4060 572 4120 Aristoteles
594 4063 685 4122 utitur
705 4072 734 4123 et
756 4067 820 4124 sine
843 4076 995 4130 auctorum
1017 4075 1136 4136 nomine
1158 4086 1188 4136 et
1209 4081 1329 4141 nomine
1350 4085 1419 4143 Ple-

263 4163 341 4220 tonis
364 4163 506 4236 apposito,
529 4165 689 4238 velutTop.
704 4166 788 4240 6,10
808 4159 954 4233 Πλάτων
973 4168 1100 4250 ἐντοῖς
1119 4177 1185 4240 τῶν
1207 4172 1299 4257 ζώων
1321 4173 1416 4268 ὁρισ-

263 4261 337 4336 αοῖςῖ
358 4262 408 4342 (de
432 4264 600 4326 definitione
622 4270 760 4343 hortinis,
784 4273 819 4330 cl.
834 4271 862 4347 6,
877 4273 904 4334 6.
929 4274 1087 4352 teto-33,
1105 4297 1180 4355 quae
1196 4299 1283 4359 saepe
1299 4287 1414 4362 abipso

261 4365 379 4425 Pletone
391 4367 516 4440 exempli
529 4384 619 4429 cause
630 4372 793 4448 exhibetur,
815 4377 850 4432 cl.
865 4377 951 4436 etiam
965 4379 1092 4452 Sophist.
1106 4382 1177 4444 220.
1191 4387 1413 4468 unae-etl
