3024 5162
810 358 872 420 212

267 535 390 599 aliorum
423 536 522 612 opinlo
555 532 807 608 camelopardalim
839 525 1077 607 intelligentium)
1110 528 1207 602 deque
1240 517 1409 595 bippelapho

268 639 437 719 („Antilope
459 639 550 714 picta'’
573 637 671 696 Indiae
694 635 803 694 boreali
831 634 946 709 propria
970 645 1056 706 quam
1079 629 1211 688 voluisse
1235 619 1410 690 Aristotelem

268 745 354 818 plane
386 721 597 801 demonstrarit
622 737 793 810 Wiegmann
821 735 942 796 observ.
970 734 1044 794 eool.
1073 730 1135 790 crit
1163 747 1192 804 p.
1208 719 1356 794 21-30)
1388 726 1413 778 et

268 846 366 904 bubus
392 843 557 918 agrestibus
583 841 602 898 i.
626 855 651 899 e.
680 838 787 897 indicia
814 837 877 913 (qui
900 837 987 896 nobis
1009 833 1117 906 11111101,
1132 833 1168 890 01.
1184 827 1298 888 darier
1318 821 1411 882 ilerol.

268 963 297 1021 p.
314 941 364 1006 73.
390 945 562 1019 Wlegmann
585 959 611 1017 p.
628 940 683 1019 81)
714 955 790 1014 qnae
813 941 871 999 duo
894 937 1029 999 animalia
1051 937 1082 995 in
1105 932 1263 994 Arachosia
1285 924 1412 1002 degentia

269 1049 396 1107 breviter
418 1045 559 1104 describit
580 1044 665 1103 Arist.
679 1043 709 1114 2,
722 1041 751 1101 1.
763 1039 903 1102 498131
916 1057 981 1114 sqq.
1016 1039 1052 1097 At
1068 1053 1169 1098 revera
1184 1027 1412 1104 ablaeedonibus

269 1151 413 1223 000011οι0
434 1154 551 1218 0000010
578 1145 715 1218 posuisse
738 1143 923 1203 Aristotelem
951 1151 980 1202 et
1002 1141 1081 1214 qood
1109 1139 1177 1198 inde
1199 1134 1335 1209 sequitur
1355 1128 1413 1188 ulti·

268 1251 327 1309 mis
360 1252 477 1308 (1010001
510 1246 585 1304 vitae
618 1246 704 1304 annis
731 1252 759 1304 et
782 1245 932 1304 historiam
966 1241 1134 1300 animalium
1168 1247 1196 1298 et
1222 1235 1303 1296 coiea
1326 1229 1413 1290 omnia

269 1352 491 1426 composuisse,
514 1355 630 1422 praeter
651 1363 686 1406 ea
707 1363 782 1421 quae
805 1352 938 1406 accurata
965 1351 994 1402 et
1015 1350 1092 1402 certa
1119 1341 1250 1416 priorum
1274 1333 1413 1396 erroribus

268 1455 382 1529 passim
416 1450 551 1526 opponit,
585 1449 741 1508 manifesto
773 1429 818 1507 iis*
840 1449 1058 1508 demonstratur
1090 1459 1165 1518 quae
1198 1443 1235 1500 de
1262 1434 1414 1512 elephantis

166 1623 170 1634 ¹
271 1556 388 1628 vitaque
411 1569 513 1612 corum
536 1560 564 1610 et
586 1551 719 1609 moribus
741 1550 841 1609 multis
863 1549 938 1608 loeis
948 1549 1097 1622 praeclare
1109 1542 1247 1617 exposuit
1258 1540 1308 1618 (01.
1321 1536 1415 1598 Carior

272 1657 339 1716 hist.
362 1656 390 1713 d.
415 1667 456 1712 sc.
479 1669 508 1710 n.
527 1650 556 1724 1,
573 1649 636 1713 158
659 1660 688 1711 01
710 1651 809 1712 iterol.
834 1652 874 1710 dn
897 1651 983 1724 globe
996 1648 1051 1709 69:
1074 1644 1213 1706 l’bistoirc
1236 1645 1273 1703 de
1296 1659 1331 1702 ce
1353 1655 1414 1714 qoa-

273 1752 403 1830 drupbde
425 1761 471 1813 est
497 1755 564 1828 plns
597 1762 696 1814 exacte
726 1756 800 1813 dans
821 1753 948 1812 Arietate
981 1765 1039 1825 que
1069 1750 1143 1810 daus
1176 1745 1292 1822 1101100)
1329 1745 1413 1816 itaque

272 1857 409 1932 exposuit
430 1863 463 1914 nt
484 1871 576 1928 quom
598 1872 634 1915 ex
657 1856 826 1916 hominibus
848 1851 1061 1914 indoctioribus
1083 1857 1112 1908 et
1134 1850 1357 1922 elephantorum
1372 1847 1415 1903 du·

273 1961 356 2023 cibus
378 1957 498 2016 minime
521 1973 556 2016 ea
578 1958 691 2017 discere
706 1957 835 2031 potuerit
854 1969 932 2030 quae
953 1954 1078 2029 physico
1100 1959 1213 2012 1001010
1236 1965 1325 2010 curae
1348 1953 1414 2014 sunl,

272 2062 371 2135 ipsum
392 2059 503 2118 vidisse
525 2059 696 2132 elephantos
718 2059 791 2118 nihil
814 2055 936 2118 dubium
958 2055 997 2116 sit
1020 2052 1068 2134 (01.
1082 2051 1169 2115 5001)
1182 2050 1296 2114 6-14,
1310 2048 1381 2122 498,
1391 2045 1414 2108 8.

273 2157 599 2234 cernennentes).
644 2161 714 2220 bam
738 2177 775 2220 ex
798 2177 833 2220 eo
856 2161 987 2235 prolecto
1010 2158 1090 2232 quod
1112 2173 1172 2216 non
1188 2150 1415 2216 commemorarit

273 2253 447 2335 ἀναπνοὰς
468 2261 533 2320 illos
556 2261 636 2320 iuxta
658 2268 790 2336 tempora
812 2263 957 2335 elephanti
981 2261 1053 2320 sites
1075 2275 1092 2318 a
1114 2259 1302 2332 Megasthene
1324 2254 1372 2315 ubi
1387 2253 1414 2312 de

274 2366 369 2426 coitus
395 2372 528 2438 tempore
555 2364 614 2438 agit
639 2372 759 2438 propter
784 2365 861 2423 hanc
888 2362 982 2437 ipsam
1007 2377 1071 2420 rem
1097 2361 1301 2435 liquoremque
1331 2371 1414 2418 mares

275 2470 366 2528 odore
388 2465 563 2524 allicientem
585 2472 700 2524 notatas
722 2464 770 2540 (lr.
783 2462 834 2538 36,
847 2463 897 2523 12.
910 2461 1025 2538 3112.
1043 2465 1078 2524 01.
1091 2460 1345 2542 3148011000),
1365 2473 1414 2518 non
1485 2491 1486 2504 t

273 2569 334 2645 peti
355 2581 446 2643 posse
468 2567 629 2626 contrariae
656 2567 804 2642 opinionis
832 2553 1035 2641 argumentum
1058 2564 1101 2644 (id
1123 2568 1202 2641 quod
1223 2565 1317 2625 voluit
1339 2564 1415 2622 llum-

275 2672 357 2731 boldt
378 2665 638 2740 ammonente,
662 2670 697 2728 ol.
722 2669 857 2744 Schlegal
880 2670 941 2727 lud.
965 2667 1085 2742 81111,
1104 2667 1179 2746 185)
1209 2685 1246 2728 ex
1272 2669 1340 2742 ipso
1363 2663 1414 2724 ani·

274 2773 395 2834 mallum
416 2771 555 2831 historiae
577 2769 701 2831 consilio
728 2778 758 2830 et
778 2770 892 2829 mbone
913 2771 1084 2846 intelligitur
1109 2787 1170 2832 non
1190 2771 1221 2830 in
1243 2770 1414 2844 singulorum

273 2875 443 2936 animalium
469 2873 696 2948 descriptionem
723 2874 832 2932 nedum
859 2882 1022 2934 accuratam
1044 2874 1156 2934 intento
1189 2875 1243 2934 sed
1275 2872 1307 2932 in
1336 2883 1415 2930 men·

269 2980 394 3037 ‘brorum
421 2977 520 3050 petius
547 2977 731 3050 singulorum
758 2975 866 3050 quibbs
889 2984 918 3036 et
939 2991 1047 3050 genera
1073 2976 1242 3036 animalium
1270 2972 1414 3049 praecipua

274 3088 304 3141 et
326 3080 442 3154 singula
463 3078 598 3165 animalia
619 3084 670 3136 eut
691 3079 866 3138 conveniant
887 3085 937 3138 aut
957 3078 1091 3138 differant
1106 3077 1362 3153 comparationem,
1382 3073 1414 3130 ita

273 3191 307 3242 ut
328 3197 388 3241 non
410 3180 468 3238 nlsi
491 3179 541 3236 ubl
564 3179 748 3236 occasionem
771 3193 890 3238 sumere
911 3181 1046 3240 libuisset
1067 3180 1252 3254 maximeque
1267 3179 1413 3238 inmorum

272 3283 357 3344 libris
380 3282 565 3356 quorundam
586 3279 734 3353 pleniores
757 3279 969 3353 descriptiones
1002 3281 1247 3342 intersererentur
1271 3283 1352 3342 velut
1370 3281 1413 3338 bo·

273 3385 339 3446 nasi
372 3380 415 3461 (9,
430 3379 481 3442 45.
517 3381 551 3440 01.
577 3379 727 3459 mirabli
761 3382 987 3442 chamaeleontis
1011 3380 1053 3460 (2,
1070 3383 1124 3460 11)
1158 3379 1413 3461 0110101010(2,8)

274 3486 376 3548 cameli
398 3485 440 3561 (2,
456 3483 488 3562 1)
512 3487 641 3560 hyaenae
664 3482 707 3562 (8,
723 3481 755 3563 5)
768 3485 803 3543 01.
816 3484 846 3557 9,
862 3482 912 3543 ll.
930 3483 959 3558 9,
975 3483 1082 3546 21010.
1106 3495 1136 3548 et
1157 3489 1195 3546 de
1209 3488 1413 3549 struthionibus

271 3607 302 3667 p.
318 3605 345 3648 0.
360 3589 390 3662 4,
407 3586 458 3647 14.
503 3587 619 3648 Indicos
652 3594 749 3646 autern
783 3589 956 3663 elephantos
989 3589 1099 3649 vidisse
1131 3589 1332 3663 Aristotelem,
1363 3601 1413 3646 noa

272 3693 399 3765 Libycos
422 3703 498 3763 quos
521 3687 703 3750 Onesicritus
725 3689 781 3750 iam
804 3690 863 3749 illis
885 3691 1063 3764 compararit
1078 3699 1110 3752 ut
1120 3691 1295 3752 infirmiores
1307 3690 1413 3770 (Strabo

268 3790 303 3869 8,
319 3789 394 3870 281)
418 3792 524 3851 docent
545 3807 580 3850 ea
602 3805 677 3866 quae
699 3789 883 3852 dedentium
905 3794 982 3868 apud
1004 3807 1101 3854 mares
1123 3794 1306 3870 laminasque
1328 3794 1414 3853 diver·

271 3897 358 3957 eitate
387 3893 474 3954 tradit
496 3890 665 3971 (501082)
699 3891 806 3952 Indicis
833 3895 959 3970 propria
1005 3896 1086 3966 Quae
1117 3904 1215 3956 autem
1244 3897 1281 3956 de
1309 3897 1365 3958 rita
1390 3900 1440 3968 01,

268 3997 405 4058 moribus
428 4003 561 4056 accurate
583 3995 711 4070 prodidit
731 3995 903 4056 Aristoteles
926 3997 966 4056 ita
987 4013 1117 4073 congrua
1139 4007 1208 4058 sunt
1228 3999 1265 4060 iis
1288 4014 1363 4074 quae
1382 4011 1413 4054 ex

268 4099 426 4160 Alexandri
449 4097 605 4159 comitibus
628 4098 764 4172 apposuit
785 4098 890 4157 Strabo
911 4099 1013 4172 paucis
1036 4101 1155 4174 quidem
1175 4101 1273 4160 verbis
1294 4092 1334 4160 ex'
1342 4100 1412 4160 000

271 4203 370 4264 siorito
393 4208 422 4262 et
443 4201 573 4260 Nearcho
600 4200 693 4260 levius
721 4207 754 4258 ut
779 4201 875 4260 solent
900 4201 932 4260 in
953 4201 1060 4263 talibm
1088 4210 1117 4262 et
1138 4202 1333 4278 negligendus
1354 4217 1413 4260 nar·

268 4304 402 4365 00011100
424 4302 569 4376 excerptis
592 4297 634 4377 (3,
650 4297 726 4379 281)
748 4302 966 4376 megasthenem
993 4304 1194 4378 potissimum,
1223 4315 1412 4379 quemnemo

269 4408 368 4467 credet
390 4414 440 4466 aut
460 4404 646 4464 Aristotelem
668 4411 719 4462 aut
741 4419 798 4462 una
820 4421 886 4463 cum
909 4403 1411 4483 1110101010111001000(018011000-
