3036 5164
828 353 869 416 90

275 524 426 596 (lldnelm.
450 527 532 585 acad.
555 526 621 586 abir.
638 527 685 600 111,
700 523 779 598 453)
807 525 843 582 de
866 523 976 582 ambitu
999 521 1177 596 argumenti,
1212 520 1350 594 exempta
1373 517 1429 576 siut

274 627 360 686 haec:
394 627 557 690 Aristotelis
580 627 843 703 Hetuplrysicorum
871 614 901 686 α’
924 618 1036 702 μεῖζον
1058 632 1086 684 et
1109 613 1244 684 ἔλασσον
1270 622 1323 694 (cl.
1349 620 1428 678 Alex.

275 745 303 802 p.
319 726 406 802 100),
433 729 562 790 Platonis
584 728 750 790 Alcibiades
778 729 891 802 primus
918 725 984 801 (qui
1008 726 1087 786 idern
1107 716 1229 804 μείζων
1250 729 1376 783 rocctur
1394 741 1426 772 =

276 826 409 912 πρῶτος
430 831 463 890 0.
480 832 512 890 t.
529 827 559 904 3,
576 830 632 904 62)
661 837 690 889 et
711 832 875 902 secundus,
899 829 1018 903 Hippius
1041 829 1133 888 maior
1155 835 1185 888 ct
1205 826 1302 886 minor
1324 825 1430 897 (Thra-

277 933 341 1006 syll.
366 933 398 992 li.
419 935 451 994 t.
472 930 503 1006 3,
519 931 570 996 53.
593 933 665 1006 60),
698 931 880 992 Antisthenis
911 923 1029 1010 μικρδς
1061 928 1173 1016 Κῦρος
1206 937 1236 989 et
1262 915 1432 1008 Ἡράκλης

276 1021 427 1096 δλάσσων
460 1035 508 1108 (l).
529 1037 562 1094 L.
583 1035 614 1108 2,
635 1033 684 1097 61.
714 1034 749 1093 ci.
773 1033 802 1106 6,
824 1031 864 1094 16
884 1040 913 1094 et
932 1032 982 1095 18.
1010 1035 1109 1108 spuria
1136 1036 1240 1106 nnec),
1273 1027 1431 1090 Democriti

274 1128 378 1216 μέγας
400 1136 445 1207 (et
466 1137 602 1210 spurius:
624 1136 772 1200 assentior
794 1137 870 1196 enirn
883 1131 1430 1211 auctoriilliquernsequiturHespch.

277 1254 324 1314 ap.
342 1237 424 1298 Suid.
442 1253 466 1299 s.
484 1253 511 1296 v.
529 1239 609 1299 Dem.
634 1241 714 1300 solos
738 1239 892 1298 Democriti
915 1239 1008 1298 luisse
1030 1239 1122 1299 libros
1144 1230 1223 1318 περὶ
1244 1224 1433 1311 διακόσμου

278 1338 297 1397 i.
321 1355 346 1398 e.
374 1334 494 1422 μικρδς
521 1330 706 1418 διάκοσμος
737 1328 758 1422 ἢ
784 1331 1015 1424 κοσμογραφίη
1046 1335 1125 1424 περὶ
1156 1338 1222 1402 crdo
1252 1324 1433 1418 πλανήτων

278 1441 311 1500 D.
328 1443 361 1500 L.
379 1439 409 1514 0,
421 1441 463 1502 46
486 1451 515 1502 ct
537 1437 615 1522 περὶ
626 1433 758 1526 φάσεως
767 1430 798 1520 d?
800 1486 809 1517 ‚
833 1460 958 1527 quorum
981 1444 1131 1504 secundus
1152 1434 1232 1524 περὶ
1245 1428 1433 1522 ἀνθρώπου

276 1531 427 1624 φάσεως)
449 1551 478 1603 et
497 1538 615 1628 μικρδς
637 1534 820 1622 διάκοσμος
842 1547 889 1618 (l).
906 1547 939 1606 L.
957 1543 986 1616 9,
999 1543 1050 1604 41.
1062 1543 1136 1618 46),
1160 1541 1346 1618 Hippocratis
1369 1538 1433 1598 libri

280 1645 317 1704 de
339 1644 450 1704 morbis
473 1646 531 1706 duo
554 1647 652 1722 magni
675 1657 704 1708 et
725 1649 784 1706 duo
806 1648 887 1722 perri
911 1663 970 1708 sec.
995 1647 1137 1706 Gelenum
1152 1647 1204 1720 (cl.
1220 1641 1311 1704 Littre
1324 1640 1433 1702 Introd.

279 1746 310 1804 T.
323 1747 342 1804 l.
359 1763 389 1821 p.
403 1743 549 1822 estse),
571 1749 702 1823 Epidem.
725 1749 776 1810 lio.
794 1751 805 1807 l
821 1756 850 1808 et
861 1750 897 1808 ΙΙΙ
919 1749 1024 1808 ceteris
1047 1750 1178 1824 quinque
1198 1747 1282 1807 libris
1305 1740 1432 1819 oppositi

275 1855 380 1923 ¹utpote
411 1843 453 1910 cd
488 1839 523 1914 ἔκ
557 1848 619 1913 τοῦ
648 1849 768 1932 μικροῦ
799 1840 995 1914 πινακιδίου
1027 1851 1143 1924 (Galen.
1161 1850 1218 1922 Vll,
1234 1844 1297 1910 855
1320 1844 1432 1916 nunu),

275 1951 400 2013 Hesiodi
422 1943 500 2034 ἔργα
521 1942 652 2033 μεγάλα
674 1955 782 2027 (Procl.
806 1954 837 2014 iu
858 1955 928 2014 Hes.
941 1943 1019 2036 ἔργα
1030 1949 1108 2025 128)
1130 1960 1160 2011 ct
1179 1939 1275 2034 ἠοῖαι
1288 1935 1434 2028 μεγάλοι

280 2053 381 2126 (Paos.
399 2053 432 2128 9,
449 2051 500 2126 31,
518 2054 550 2137 4.
574 2055 641 2114 Seli.
664 2057 717 2130 Ap.
740 2057 795 2116 le.
818 2056 849 2129 2,
866 2053 928 2118 181
949 2087 991 2098 ·--
1025 2061 1108 2113 erant
1140 2053 1228 2128 igitur
1261 2059 1290 2112 et
1318 2040 1434 2131 μικραὶ

280 2143 377 2236 ἠοῖαι
398 2155 461 2214 sive
483 2145 689 2238 κατάλογσι),
711 2158 830 2218 Homeri
852 2157 980 2232 denique
993 2143 1100 2230 'ittae
1118 2145 1234 2237 μικρά.
1362 2183 1364 2186 ·

365 2257 471 2318 Fuisse
492 2265 590 2318 nmen
613 2259 698 2318 etiarn
721 2259 752 2320 in
776 2262 831 2319 noc
854 2260 1095 2334 compendiorum
1111 2256 1373 2333 Peripateticorum
1386 2265 1432 2325 ge·

279 2373 351 2420 nere
374 2359 506 2434 quaeat
528 2359 685 2421 Aristotele
707 2368 737 2420 ct
759 2377 896 2421 sannone
917 2369 948 2422 et
969 2361 1133 2437 argumenti
1155 2359 1268 2422 ratione
1295 2358 1336 2417 nd
1358 2359 1432 2416 cete

280 2477 378 2526 rurum
401 2469 547 2524 sectarum
578 2461 799 2522 similitudinem
825 2477 879 2538 pro
900 2463 1141 2524 Academicorum
1169 2477 1251 2522 more
1278 2460 1432 2520 accedente

281 2570 383 2622 essent
403 2563 560 2624 remotiora
582 2563 764 2638 reliquisque
780 2565 854 2628 adeo
869 2565 1133 2640 pseudepigraphis
1148 2565 1246 2640 paullo
1261 2560 1432 2628 recentiora,

281 2663 312 2724 id
339 2665 445 2728 docent
471 2673 585 2740 practer
612 2665 720 2726 librum
752 2667 803 2742 qui
829 2675 951 2728 vocatur
976 2669 1013 2726 de
1040 2666 1145 2742 spiritu
1180 2666 1217 2724 de
1250 2678 1310 2738 quo
1332 2667 1432 2738 postea

282 2765 395 2828 dicetur
424 2767 499 2828 liber
529 2769 565 2827 do
594 2769 706 2828 mundo
738 2769 790 2842 (cl.
818 2769 884 2842 An„
915 2769 1013 2829 Wenr.
1029 2767 1107 2841 161,
1138 2766 1296 2826 clustino
1331 2760 1431 2824 Proclo

275 2868 390 2928 *Doride
406 2869 532 2932 sconem
548 2869 669 2942 citatus)
691 2877 720 2928 ct
741 2886 790 2928 urs
811 2871 957 2932 rhetorico
977 2870 1041 2930 sire
1056 2876 1089 2929 ut
1103 2869 1133 2930 iu
1149 2866 1327 2928 editionibus
1338 2859 1432 2928 latinis

276 2979 403 3034 roratur
425 2973 461 3032 de
483 2971 648 3046 praeceptis
671 2971 806 3034 civilibus
828 2972 903 3034 liher
916 2972 969 3045 (cl.
981 2985 1113 3046 prooem.
1126 2973 1215 3045 extr.)
1236 2960 1325 3052 πρδς
1340 2955 1432 3030 Ἀλά-

282 3066 423 3154 ξανδρσν
444 3074 531 3132 amho
558 3071 690 3146 inscripti
713 3071 799 3146 quasi
821 3073 961 3146 epistolae
987 3074 1040 3148 (cl.
1063 3073 1188 3134 Demelr.
1212 3073 1249 3132 de
1271 3069 1345 3130 eloe.
1362 3063 1429 3128 234.

274 3172 378 3247 1590.
400 3175 482 3234 Stob.
498 3174 559 3234 Ecl.
575 3171 605 3247 t,
620 3171 672 3234 81.
689 3171 760 3236 188.
778 3173 866 3248 640).
904 3174 1036 3244 Quorum
1052 3175 1165 3249 primus
1179 3175 1216 3232 od
1232 3169 1431 3248 philosophiae

283 3276 321 3333 de
353 3276 464 3336 mundo
495 3265 633 3358 τυπάδι]
664 3266 817 3358 μάθησιν
848 3273 1027 3352 (397b10)
1060 3277 1225 3338 Aristotelis
1257 3273 1430 3348 theologiam

282 3370 515 3458 (neotoydpav
541 3371 620 3462 oapi
643 3375 710 3440 τῶν
734 3367 935 3457 συμπάντων
956 3377 1043 3442 3905
1060 3382 1090 3441 4.
1119 3381 1154 3439 cl.
1179 3392 1253 3452 quoe
1281 3377 1318 3438 de
1339 3375 1430 3450 prino
1488 3369 1489 3440 i

282 3482 396 3544 mamre
419 3479 475 3540 deo
496 3480 528 3541 in
549 3481 632 3543 coelo
655 3481 803 3542 residente
826 3484 974 3558 quomodo
988 3491 1112 3554 moreat
1132 3475 1273 3556 regatque
1287 3495 1341 3553 pro
1358 3473 1432 3538 varta
1488 3443 1489 3530 i

283 3595 382 3642 rerum
404 3583 569 3655 „apostasi”
590 3580 866 3656 euroauster,
893 3585 928 3644 ci.
952 3587 1096 3659 Theophr.
1119 3583 1243 3657 ltetapn.
1267 3599 1295 3655 p.
1308 3577 1382 3653 322,
1395 3570 1430 3636 15
1488 3599 1489 3658 q

282 3682 390 3743 Brand.
414 3684 556 3744 rnundnrn
578 3667 729 3747 aeternum
751 3686 937 3759 disputantur
959 3703 984 3746 c.
997 3687 1026 3746 6.
1043 3704 1071 3762 p.
1085 3683 1149 3746 308
1160 3687 1223 3758 sq.)
1251 3684 1283 3742 in
1310 3677 1431 3742 Platoni·
1488 3673 1489 3750 Ῑ

283 3797 386 3844 eorum
413 3786 629 3859 quodammodo
658 3794 687 3846 cl
713 3786 877 3846 Stoicorum
905 3803 1072 3847 sermonem
1099 3786 1334 3860 sententiamque
1362 3797 1430 3858 peu·
1488 3797 1489 3864 q

283 3884 447 3946 theisticem
475 3888 634 3948 dedectens
661 3887 881 3962 iuterpretatur:
908 3888 977 3948 iude
1005 3889 1084 3948 enim
1110 3888 1261 3964 popularis
1283 3887 1332 3946 illa
1354 3887 1432 3944 tileo
1488 3933 1489 3960 ,

284 3986 361 4060 logio
393 3988 488 4059 (velut
514 3991 551 4051 dc
578 3990 626 4050 dei
655 3989 755 4049 multis
781 3989 927 4064 variisque
954 3989 1125 4052 nominihus
1148 4008 1176 4064 p.
1193 3987 1265 4050 401.
1293 3988 1329 4050 cl.
1354 3987 1386 4044 0.
1402 3985 1430 4044 t.
1488 3963 1489 4012 ¹

285 4085 314 4160 ι,
332 4085 394 4148 ιιι
407 4091 492 4164 cre),
526 4092 595 4152 tuoe
628 4091 758 4152 sanorum
790 4091 863 4150 ntur
890 4092 1027 4154 neracuu
1055 4079 1163 4168 σπου
1190 4090 1320 4152 Platonis
1351 4089 1432 4148 cutus
1488 4057 1489 4112 Ψ

284 4191 434 4250 Timaeum
456 4193 583 4254 maxime
605 4193 737 4254 referunt
759 4207 783 4250 c.
802 4191 822 4250 2
839 4189 904 4254 etd
926 4194 978 4266 (cl.
1001 4194 1088 4278 etiarn
1100 4191 1173 4266 307,
1187 4190 1216 4254 5.
1234 4191 1284 4254 le.
1301 4189 1343 4252 18
1354 4191 1430 4260 ete-l,
1488 4229 1489 4254 3

285 4292 352 4354 inde
385 4293 539 4354 manifesta
570 4294 714 4368 quaedam
747 4301 776 4352 et
802 4294 832 4354 in
857 4311 996 4356 sermone
1029 4303 1058 4354 et
1085 4297 1114 4356 io
1144 4297 1234 4356 rebus
1261 4310 1327 4356 cum
1356 4289 1432 4354 litoris

287 4396 535 4470 Pythagoreorum
559 4395 712 4470 platonicis
736 4395 896 4458 similitudo
919 4399 948 4458 in
972 4397 1079 4472 quibus
1102 4397 1234 4470 clipeis,
1257 4397 1298 4456 uti
1320 4413 1373 4470 por
1394 4397 1433 4454 est
1488 4383 1489 4398 ¹
