3036 5164
792 347 854 410 108

247 511 305 580 τὸν
328 511 361 580 ἐν
382 517 427 602 τῷ
449 514 526 600 περὶ
549 537 617 580 tt..
633 563 661 578 ..
686 509 785 600 λόγον
807 509 892 600 ὑπὲρ
914 520 973 581 τοῦ
994 515 1051 584 τὸν
1069 517 1130 599 μὲν
1145 512 1276 604 ἀγα96ν
1291 511 1413 605 ἀνδρα

249 614 305 681 καὶ
324 614 546 703 χρηματιστὴν
568 609 701 702 ἀγαθὸν
723 609 809 683 εἶναι
830 617 888 682 τάν
912 617 949 685 δὲ
972 619 1101 706 φαῦλον
1113 618 1169 685 καὶ
1177 617 1415 706 χρηιιαπιστὴν

250 718 393 806 φαῦλον,
431 713 477 798 ὡς
511 714 529 785 ὁ
558 715 787 808 Μητρόδωρος
819 713 1027 798 ἀπέδειξεν);
1065 717 1314 807 Προτρεπτικός
1348 727 1415 798 (ci.

249 825 453 898 11911149),
479 825 509 885 in
532 843 591 901 quo
619 843 685 884 eum
708 826 884 884 Themisone
911 829 1012 902 regulo
1037 825 1142 900 Cyprio
1176 829 1339 886 collocutus
1370 831 1416 886 ad

249 928 450 1002 philosophiae
473 928 603 987 studium
626 936 654 986 et
676 929 754 986 huno
776 935 805 986 et
827 929 966 987 lectorem
989 931 1157 987 cohortatus
1169 938 1214 986 est
1229 931 1278 1001 (ri.
1291 931 1417 989 Teletis

250 1031 318 1102 epit.
342 1047 388 1104 up.
412 1031 492 1089 Stoh.
516 1028 545 1087 ss.
567 1027 618 1100 95,
635 1029 684 1088 91.
719 1031 799 1086 Alex.
824 1029 854 1087 in
876 1026 1177 1103 diapsalmate.
1201 1029 1417 1104 Olympiodori

250 1131 381 1205 Prolegg.
399 1133 465 1191 Sch.
483 1129 512 1204 7,
525 1131 566 1190 14
581 1155 614 1182 =
632 1131 725 1190 Cram.
738 1130 792 1187 An.
805 1131 839 1188 lV
854 1149 882 1204 p.
895 1128 968 1203 391,
992 1145 1029 1188 ex
1052 1146 1110 1202 quo
1134 1146 1187 1188 sua
1203 1131 1298 1190 hausit
1310 1132 1417 1189 David

250 1231 382 1306 Prolegg.
400 1235 466 1292 Sch.
484 1232 534 1307 13,
549 1234 584 1307 9)
607 1265 648 1274 -
671 1247 738 1290 nam
761 1233 798 1290 de
820 1233 935 1306 dialogo
959 1235 1047 1306 quam
1070 1233 1106 1290 de
1122 1231 1252 1290 oratione
1267 1234 1302 1290 ad
1325 1233 1417 1290 The-

249 1333 395 1390 misonem
418 1336 519 1407 quales
541 1338 578 1394 ad
600 1333 766 1407 Philippum
788 1340 817 1390 et
839 1332 985 1390 Nicoclem
1007 1333 1088 1391 dedit
1110 1335 1252 1392 isocrates
1274 1333 1419 1406 cogitare
1446 1359 1449 1366 ·

250 1434 341 1491 malo:
376 1434 510 1495 similiter
542 1437 619 1495 enim
644 1435 826 1508 compositus
850 1434 965 1492 videtur
987 1433 1079 1492 luisse
1102 1435 1176 1492 liher
1203 1429 1280 1515 περὶ
1303 1433 1419 1512 βασι-

251 1530 343 1612 λείας
365 1533 450 1620 πρὸς
464 1529 683 1620 Ἀλέξανδρον
705 1537 819 1610 (Wenr.
836 1533 908 1596 143.
932 1536 1083 1608 Philopon.
1106 1536 1137 1594 in
1151 1535 1247 1609 Gateg.
1260 1536 1326 1594 Seh.
1341 1533 1418 1594 351)

251 1647 322 1712 not,
346 1642 381 1699 ci.
405 1641 517 1714 Philop.
543 1641 599 1699 vita
621 1643 669 1698 Ar.
693 1647 722 1698 et
743 1639 800 1698 vita
822 1639 918 1696 Nunn.
942 1655 970 1712 p.
987 1635 1043 1696 13:
1079 1637 1218 1710 „scripsit
1239 1636 1418 1694 Alexandro

250 1741 356 1799 librum
383 1757 475 1800 unum
498 1744 535 1802 de
556 1758 663 1817 regno,
696 1743 805 1799 docens
834 1739 931 1812 ipsum
959 1739 1082 1812 qualiter
1104 1745 1218 1812 oportet
1239 1739 1417 1810 regnare'‘)‚

250 1843 319 1902 item
341 1844 415 1902 liber
438 1843 484 1903 eui
505 1843 607 1902 titulus
630 1843 683 1901 luit
700 1832 915 1921 Ἀλέξανδρος
937 1842 987 1913 (ei.
1013 1841 1043 1899 C.
1060 1842 1164 1898 hittller
1179 1842 1239 1899 Ser.
1252 1853 1307 1896 rer.
1321 1833 1415 1897 Aleti.

250 1946 339 2020 praei.
356 1963 384 2019 p.
398 1947 435 2018 V)
469 1933 491 2027 ἢ
522 1934 607 2025 ὑπὲρ
642 1933 808 2005 ἀποικιῶν
840 1943 858 2000 1.
883 1959 908 2000 e.
944 1933 1037 2014 ὅπως
1071 1939 1123 2004 δεῖ
1152 1935 1212 2014 εάς
1245 1930 1417 2014 ἀποικίας

250 2046 431 2108 ποιεῖσθαι
452 2047 565 2120 Philop.
588 2046 618 2103 in
643 2045 739 2119 Catcg.
763 2047 781 2102 l.
799 2061 838 2118 o.;
868 2045 974 2102 deinde
1002 2044 1077 2102 liher
1103 2037 1180 2125 περὶ
1201 2031 1295 2123 εὐχῆς
1317 2046 1415 2116 (nus-

251 2165 338 2222 quam
360 2156 475 2222 praeter
496 2147 609 2206 indices
632 2148 777 2219 laudatus,
801 2163 868 2204 nam
882 2163 956 2220 quae
969 2147 1130 2204 secundum
1144 2143 1268 2217 Menagii
1281 2143 1413 2204 Observ.

250 2251 280 2308 in
303 2251 385 2324 Diog.
409 2252 440 2308 t.
465 2250 624 2308 Amslelod.
649 2246 733 2308 1699
755 2266 783 2322 p.
801 2247 862 2308 193
886 2251 968 2306 affert
991 2248 1100 2306 Fabrio.
1124 2245 1209 2304 Nonii
1222 2253 1250 2304 et
1263 2244 1413 2317 Simplicii

251 2352 427 2424 testimonia,
452 2367 485 2409 ea
508 2350 591 2408 nihili
619 2358 687 2408 sunt
715 2359 743 2408 et
766 2353 917 2424 erronea);
950 2343 1029 2428 περὶ
1056 2341 1215 2420 παιδείας
1237 2341 1299 2406 sive
1321 2365 1413 2406 παι-

251 2445 403 2526 arvernia
424 2453 484 2524 (W.
502 2448 573 2510 143.
590 2453 625 2510 oi.
642 2453 674 2509 D.
691 2453 723 2510 L.
740 2446 769 2524 9,
787 2451 857 2526 53);
891 2445 969 2535 περὶ
990 2441 1112 2534 ἡδονῆς
1131 2451 1192 2524 (W.
1210 2446 1301 2522 145);
1326 2443 1410 2530 περὶ

251 2548 417 2640 εὐγενείας
440 2555 500 2627 (W.
517 2550 611 2625 143),
645 2553 675 2610 iu
703 2569 761 2626 quo
789 2556 863 2613 libro
891 2571 972 2612 more
999 2555 1085 2627 plane
1113 2561 1141 2610 et
1163 2550 1351 2625 peripatetico
1375 2561 1409 2610 et

251 2660 416 2720 academico
452 2656 529 2730 quali
557 2656 702 2712 honorum
731 2657 830 2729 generi
864 2659 919 2728 (se.
942 2657 1013 2731 τοῖς
1034 2650 1238 2736 ἐξωτερικοῖς
1258 2643 1409 2735 ἀγαθοῖς

251 2763 312 2822 sive
336 2769 368 2820 ut
389 2761 459 2818 dicit
480 2759 674 2817 auctorllhet.
692 2759 729 2816 ad
746 2758 826 2816 Alex.
840 2757 880 2818 36
901 2759 972 2833 τοῖς
994 2750 1056 2832 ἔξω
1078 2756 1135 2841 τῆς
1158 2746 1286 2837 ἀρετῆς,
1310 2772 1406 2830 oppo-

251 2879 326 2924 nens
347 2856 390 2923 ιά
413 2854 447 2922 s‘r
469 2850 553 2943 αὐτῇ
572 2855 615 2942 πῇ
637 2848 739 2942 ἀρειῇ
763 2849 857 2933 ὅντα)
881 2863 1062 2920 accensenda
1079 2861 1117 2919 sit
1131 2859 1268 2918 nobilitas
1284 2867 1405 2931 atquae

251 2966 345 3039 ipsius
369 2964 406 3022 sit
428 2971 530 3020 natura
554 2963 642 3035 (Plut.
667 2962 703 3019 de
726 2963 815 3020 nohil.
832 2961 867 3034 t)
891 2965 1098 3036 quaerebatur:
1134 2961 1183 3035 qui
1209 2967 1307 3018 tamen
1329 2959 1407 3018 liher

250 3069 296 3125 vel
319 3074 439 3140 propter
460 3065 539 3122 illam
567 3065 603 3121 de
626 3063 750 3136 bigamia
774 3064 902 3136 Socratis
925 3065 1118 3124 narrationem
1143 3063 1262 3136 (Athen.
1276 3058 1327 3132 13,
1341 3058 1405 3120 556

251 3159 390 3248 ἱστορῶν
415 3163 513 3226 rodco
540 3157 574 3226 ἐν
595 3163 640 3248 τῷ
661 3185 698 3226 π.
721 3153 803 3244 erip.)
837 3166 936 3224 multis
969 3183 1087 3240 quoque
1114 3165 1178 3224 aliis
1205 3163 1406 3236 Peripateticis

252 3280 409 3340 narratam,
444 3283 531 3341 quant
558 3267 615 3340 ipsi
645 3267 722 3339 apud
746 3265 826 3324 Stoh.
852 3267 1013 3341 fragmento
1036 3267 1134 3342 inepte
1156 3269 1251 3324 Luzac
1274 3266 1406 3324 obtrudit

251 3373 328 3430 Lect.
353 3372 408 3428 Att.
431 3385 459 3443 p.
477 3369 519 3438 91
531 3385 586 3442 sq..
610 3385 626 3427 a
648 3368 802 3426 Plutarcho
826 3370 929 3427 trrerito
951 3370 1082 3428 relicitur
1092 3368 1224 3441 (Aristid.
1238 3367 1311 3440 27):
1334 3383 1405 3426 nam

252 3472 371 3531 omnino
395 3472 502 3531 fallitur
524 3473 610 3531 Stahr
621 3471 721 3544 (Arist.
735 3471 767 3542 ll,
781 3466 844 3529 108
856 3471 916 3542 sq.)
939 3471 989 3543 qui
1001 3485 1036 3529 eo
1053 3471 1132 3543 quud
1143 3470 1275 3544 ipsorum
1290 3478 1405 3530 tantum

192 3623 195 3630 ,
251 3553 395 3634 Plutarchi
419 3581 447 3632 et
468 3573 608 3632 Athenaei
631 3589 667 3630 ex
689 3573 856 3631 coniectura
879 3580 966 3644 atque
997 3587 1033 3630 ex
1055 3571 1164 3645 vulgari
1189 3573 1225 3629 de
1248 3571 1406 3632 Aristotele

231 3677 338 3756 vhuius
361 3677 426 3734 lihri
449 3682 567 3733 auctore
590 3675 728 3748 opinione
747 3675 855 3732 dietum
879 3681 924 3731 est
945 3689 982 3730 en
1003 3673 1168 3732 Aristotelis
1191 3675 1264 3731 libro
1287 3682 1405 3734 eeteros

252 3779 387 3837 hausisse
410 3795 471 3837 rem
495 3785 524 3835 et
546 3777 754 3850 amplificasse,
782 3777 818 3833 ad
841 3773 1026 3833 Aristotelem
1048 3791 1150 3833 verum
1173 3783 1321 3833 auctorem
1345 3785 1406 3835 sta-

250 3882 412 3940 hiliendum
435 3879 525 3938 utitur
546 3880 666 3952 (eodem
688 3878 757 3936 vitio
781 3879 817 3935 de
839 3875 1195 3951 Eroticisidemoogitat).
1229 3876 1404 3940 Aristoteles

251 3999 319 4042 vero
354 3998 444 4055 quum
477 3981 506 4038 in
535 3981 662 4038 Politicis
686 3981 737 4053 (ci.
754 3977 783 4050 3,
800 3975 849 4037 13.
866 3979 895 4051 4,
912 3975 948 4046 8)
981 3987 1009 4038 et
1035 3979 1199 4038 Rhetoricis
1227 3977 1402 4053 (9,15.ο1.

250 4087 333 4144 Rhet.
356 4085 393 4141 ad
414 4083 494 4142 Alex.
512 4080 561 4142 36.
579 4080 688 4142 14401)
703 4080 753 4140 37.
771 4081 821 4139 ε9.
839 4079 873 4153 7)
896 4081 1013 4156 saepius
1036 4089 1157 4140 externa
1178 4083 1226 4140 illa
1248 4084 1326 4142 hona
1348 4086 1401 4158 (cl.

250 4181 328 4269 περὶ
349 4175 497 4248 πλούτου
519 4187 601 4244 Polie.
619 4183 718 4257 9,16)
753 4185 935 4258 eandemque
962 4183 1159 4242 definitionem
1188 4192 1287 4258 tangat
1312 4203 1402 4259 quam

250 4292 358 4348 hahent
390 4291 549 4362 fragmenta
577 4303 622 4359 ap.
647 4287 727 4345 Stoh.
763 4275 797 4367 (ἡ
822 4275 970 4366 εὐγένεια
993 4275 1092 4369 ἀρετὴ
1116 4280 1230 4368 γένους
1257 4287 1292 4344 cl.
1317 4287 1399 4345 Stoh.

248 4391 300 4464 88,
318 4389 375 4464 13)
398 4393 436 4450 ita
458 4399 555 4450 tantun
578 4386 715 4462 loquitur,
739 4395 770 4446 ut
792 4404 888 4460 neque
911 4397 993 4448 antea
1018 4391 1073 4448 iam
1097 4391 1133 4448 de
1156 4391 1209 4448 hac
1232 4406 1264 4448 re
1288 4387 1400 4448 dixisse
