3036 5164
795 305 836 368 78

242 483 376 543 audirent
407 483 446 540 do
473 483 649 556 Empedoclc
676 481 820 538 dicentem
850 487 969 553 propter
995 481 1092 553 ipsum
1119 477 1257 539 carminis
1284 477 1397 534 cultam

243 587 388 660 quendum
423 585 611 657 studiumque
645 581 823 640 rhetoricum
857 583 957 653 (cuius
986 583 1194 639 documentum
1221 581 1259 639 sit
1281 586 1400 652 praeter

243 687 426 761 prooemium
454 688 539 746 locus
566 683 603 743 dc
625 684 775 757 primaeva
797 685 844 742 illa
868 684 924 741 vita
947 683 1046 755 herta)
1079 683 1174 755 primo
1208 682 1291 755 quasi
1325 681 1399 738 artis

242 789 404 847 rhetoricae
432 789 565 862 exemplo
593 787 800 859 magistroque.
845 771 925 842 llulti
952 799 1020 842 vero
1049 784 1089 842 illi
1117 783 1168 857 qui
1194 792 1313 857 propter
1335 799 1401 842 ser-

244 891 340 948 ruonis
367 890 481 964 figurati
509 888 663 961 ornatique
689 887 819 945 studium
848 883 997 959 quoddam
1023 900 1059 944 ex
1081 885 1250 944 coniectura
1279 901 1339 944 uou
1366 891 1402 942 ut

244 995 304 1051 vult
325 993 389 1050 Fuci
411 992 514 1050 Rhein.
538 991 611 1048 llus.
629 986 714 1049 1850
736 1007 762 1062 p.
780 986 841 1047 537
855 1003 898 1062 sq.
923 1005 958 1046 ex
981 987 1148 1046 testimonio
1173 988 1296 1060 Gorgiae
1309 987 1401 1045 disci-

243 1095 304 1167 puli
327 1094 464 1152 dicuutur
485 1100 514 1149 et
536 1099 668 1149 oratores
691 1092 760 1148 clari
783 1098 812 1149 et
833 1089 1009 1164 philosophi,
1034 1089 1111 1146 velut
1134 1089 1322 1148 Antisthenes
1345 1090 1402 1160 (de

245 1211 303 1268 quo
332 1195 437 1254 erravit
466 1191 497 1252 C.
522 1193 551 1251 P.
575 1194 722 1252 Hermann
754 1193 900 1251 Gesamm.
929 1191 1064 1248 ahhaudl.
1093 1207 1121 1264 p.
1139 1187 1218 1263 238)
1248 1191 1401 1264 ceterique

244 1299 317 1356 adeo
341 1297 480 1356 Socratici
502 1293 663 1353 Aeschines
686 1296 849 1368 Xenophon
877 1300 905 1351 et
930 1292 976 1350 vel
1004 1292 1068 1364 ipso
1095 1293 1176 1351 Plato
1204 1300 1233 1352 et
1254 1293 1401 1350 Isocrates

244 1413 304 1456 non
336 1397 503 1470 philosophi
536 1403 675 1468 putantur
708 1399 761 1454 sed
792 1395 916 1478 oraturis
945 1393 1084 1466 Gorgiae,
1118 1394 1168 1468 qui
1196 1407 1211 1452 a
1238 1393 1403 1452 theoretica

176 1536 178 1540 -
245 1499 375 1557 doctriua
407 1499 481 1555 adeo
514 1497 627 1554 alienus
661 1505 722 1556 erat
759 1505 790 1555 ut
821 1509 859 1554 ue
891 1505 982 1554 artem
1009 1496 1127 1568 quidem
1155 1497 1216 1554 sive
1244 1503 1402 1570 praecepta

246 1600 393 1658 rhetorico
426 1598 581 1671 scripsisse
610 1600 757 1669 putandus
786 1599 824 1656 sit
856 1597 1006 1670 (Welcher
1027 1597 1071 1654 Κ).
1095 1599 1206 1656 schrift.
1224 1597 1256 1669 ΙΙ,
1273 1596 1302 1670 2,
1319 1594 1401 1667 456)

245 1714 342 1773 neque
367 1699 394 1756 si
421 1715 522 1758 revere
549 1699 682 1757 hahuerit
715 1699 793 1757 illam
818 1697 879 1759 τοῦ
904 1691 1008 1779 μηδὲν
1030 1685 1116 1759 εἶναι
1144 1699 1334 1769 sententiam,
1369 1698 1402 1756 id

245 1801 324 1874 quod
348 1800 417 1858 dicit
438 1801 580 1860 Isocrates
602 1817 640 1860 π.
663 1789 811 1862 cinctino.
835 1798 907 1872 268,
934 1801 1009 1859 libro
1036 1801 1114 1860 illam
1143 1797 1284 1874 singulari
1307 1799 1402 1872 expli-

244 1917 330 1960 casse
351 1902 461 1974 (potuit
483 1901 560 1960 euim
583 1904 620 1960 de
642 1904 696 1960 hac
718 1903 803 1974 thesi,
827 1904 907 1961 velut
928 1901 1101 1976 lycophron
1124 1901 1210 1960 Arist.
1223 1903 1311 1976 Phys.
1324 1899 1355 1974 l,
1368 1901 1399 1971 2,

244 2004 274 2061 in
301 2003 512 2060 declamatione
540 2004 664 2075 quadam
697 2003 874 2062 mentionem
903 2005 998 2062 lacere
1027 2003 1160 2063 similiter
1185 2011 1272 2077 aluere
1300 2003 1402 2060 Xeno·

236 2105 355 2176 phanes
380 2103 436 2161 ion
463 2103 654 2176 Epicharmus
688 2119 763 2176 quos
796 2111 916 2177 propter
949 2104 1121 2178 sapientiam
1154 2105 1184 2163 iu
1218 2103 1400 2164 carminibus

244 2207 355 2280 passim
377 2205 534 2262 exnihitam
557 2205 689 2264 iecerunt
709 2206 901 2279 philosophos
924 2206 1036 2266 alienos
1059 2206 1150 2266 lihros
1173 2216 1276 2265 eorum
1291 2205 1399 2279 partim

245 2307 364 2366 nomine
386 2306 589 2366 inscribentes.
619 2305 789 2380 quidquod
812 2307 947 2382 Aeschyli
971 2317 1000 2367 ct
1014 2309 1160 2382 Euripidis
1176 2315 1205 2367 et
1219 2309 1399 2366 velllomerl

243 2409 384 2483 principia
406 2423 503 2466 rerum
529 2423 565 2464 ex
593 2408 726 2467 versibus
749 2411 887 2468 conclusa
914 2411 991 2468 inter
1011 2411 1254 2484 philosophorum
1277 2417 1399 2470 scaten-

243 2511 300 2569 tias
326 2511 458 2568 reieruut
482 2509 697 2584 Pythagoreum
719 2512 899 2582 appellantes
920 2511 1097 2587 Aeschylum
1121 2522 1150 2571 et
1172 2513 1398 2587 Anaxagoreum

242 2611 421 2684 Euripidem,
444 2611 480 2669 ci.
498 2611 576 2668 Sext.
592 2627 621 2682 p.
637 2607 708 2668 539.
733 2611 809 2670 Piae.
825 2608 958 2686 ph.1‚i.
984 2614 1064 2672 Stoi).
1080 2615 1140 2673 Eel.
1154 2617 1174 2687 1,
1187 2615 1216 2673 2.
1234 2615 1292 2674 Cic.
1309 2617 1396 2674 Tuse.

242 2711 272 2782 2,
289 2711 426 2786 idcio),
460 2714 569 2771 nedum
604 2727 639 2769 cu
667 2727 755 2786 quem
782 2723 951 2788 excerptum
978 2715 1121 2774 hahemus
1149 2723 1177 2774 et
1203 2716 1233 2773 in
1260 2717 1335 2775 libro
1359 2719 1400 2776 de

243 2813 350 2888 Gorgia
377 2821 405 2873 et
432 2830 568 2873 sermone
595 2816 685 2888 plane
708 2821 848 2872 renovato
871 2817 948 2889 apud
972 2816 1092 2875 Sextum
1121 2815 1205 2889 (citat
1227 2833 1296 2876 eum
1318 2813 1400 2901 περὶ

242 2905 374 2999 φύσεως
395 2917 569 2989 inscriptum
591 2924 620 2974 et
643 2917 772 2974 Galenus
787 2917 808 2988 1,
824 2914 907 2991 487)
930 2917 980 2991 qui
1008 2917 1172 2977 Aristotelis
1199 2919 1306 2976 librum
1333 2929 1398 2980 nou

241 3020 349 3092 legisse
376 3018 555 3091 intelligitur.
599 3017 650 3076 Est
678 3018 756 3077 euim
783 3020 868 3076 lusus
896 3017 995 3091 pedus
1023 3019 1192 3080 dialecticus
1220 3029 1249 3079 ct
1276 3023 1397 3082 subtilis

241 3122 287 3178 rel
308 3121 384 3177 ultra
406 3117 588 3179 Antisthenis
612 3119 675 3190 (Ar.
698 3121 822 3194 Metaph.
840 3117 869 3192 5,
885 3119 937 3180 22.
960 3122 995 3179 cl.
1012 3123 1050 3180 de
1065 3123 1152 3196 Gorg.
1169 3119 1259 3184 adon
1274 3123 1310 3196 2)
1326 3139 1397 3183 scn-

239 3221 360 3281 teutiam
393 3217 442 3278 ille
477 3221 597 3279 evolsus
633 3222 684 3294 (cl.
713 3222 748 3280 ab
776 3223 962 3296 Empedoclis
988 3223 1081 3284 amico
1113 3224 1239 3282 maxime
1265 3225 1396 3286 alienum

240 3326 337 3384 locum
353 3324 390 3381 de
404 3322 602 3396 intelligendis
616 3326 730 3397 nehus).
777 3323 857 3393 Quae
881 3324 1028 3384 dialectica
1051 3339 1140 3398 quum
1163 3328 1395 3398 postPlatouem

242 3427 367 3486 maxime
388 3426 507 3487 lloreret
532 3428 568 3486 ah
591 3427 629 3486 iis
655 3426 774 3500 quidem
802 3427 916 3484 exculta
944 3427 994 3500 qni
1023 3427 1059 3484 ah
1086 3426 1150 3499 ipsa
1176 3427 1395 3488 Platonicorum

240 3529 385 3591 sententie
417 3536 446 3586 et
480 3528 634 3602 disciplina
667 3534 698 3584 ut
725 3540 829 3588 omues
861 3527 951 3586 huius
976 3528 1121 3600 temporis
1146 3535 1243 3588 sectae
1270 3531 1395 3602 protecti

239 3632 334 3704 (quod
361 3631 486 3712 manuue
513 3629 543 3688 in
566 3629 670 3688 ethicis
698 3629 878 3703 conspicitur
902 3630 940 3687 ei.
969 3630 1005 3686 de
1031 3629 1151 3688 Euclida
1174 3630 1391 3704 h.l..2‚106.

239 3730 381 3791 lleraclid.
405 3747 450 3804 ap.
475 3731 506 3788 D.
523 3732 555 3788 L.
572 3729 601 3802 2,
618 3727 696 3802 135)
720 3731 887 3790 dialecticae
910 3738 1006 3788 tamen
1029 3731 1144 3790 uirtutis
1167 3741 1198 3791 et
1218 3733 1392 3794 eristieaea

198 3833 378 3909 sophistis
409 3840 438 3890 et
464 3833 503 3890 alr
527 3832 595 3905 ipse
615 3833 741 3892 maxime
763 3831 885 3891 Platone
910 3841 1084 3905 propagatae
1111 3829 1157 3892 uel
1184 3835 1313 3896 ludendo
1337 3837 1390 3910 (ci.

237 3939 311 3995 Plot.
335 3935 398 3992 adv.
424 3933 483 3992 Col.
500 3931 615 4006 32sq.)
643 3935 749 3992 lamam
776 3941 958 3992 sectarentur
990 3934 1069 4006 ipsus
1098 3933 1228 3994 Platonis
1252 3938 1335 3996 ideas
1357 3947 1399 3997 ut·

235 4037 410 4097 Aristoteles
430 4035 625 4108 disputatione
647 4043 812 4094 evertemus
834 4035 881 4109 (h.
896 4033 1058 4111 52119.
1081 4031 1218 4110 Polyxeni.
1232 4041 1391 4099 exPhania

236 4156 281 4213 ap.
305 4138 385 4197 Alex.
409 4138 438 4194 in
461 4137 585 4210 Metaph.
608 4153 637 4209 p
654 4135 711 4210 62)
734 4169 775 4182 -·-
802 4153 860 4196 non
889 4138 969 4198 enim
990 4136 1032 4194 illi
1047 4137 1083 4195 'in
1106 4137 1235 4200 Platonis
1259 4142 1389 4215 sophista

238 4231 336 4300 εἰδῶν
362 4230 459 4320 φίλοι
492 4253 589 4312 neque
617 4239 752 4314 Megarici
783 4240 965 4314 intelligendi
993 4248 1063 4298 sunt
1092 4241 1249 4314 (helluli,
1266 4240 1328 4303 lot
1343 4257 1387 4316 sq.

235 4343 382 4400 ltcunanu
394 4340 673 4415 dcsahlt·246sq.)
687 4357 787 4414 neque
797 4345 877 4416 qarod
887 4341 1012 4400 maxime
1023 4343 1152 4402 alienum
1161 4351 1207 4402 est
1216 4343 1395 4417 Pythagorei
