3024 5162
674 311 735 373 175

211 479 292 539 bloet
314 495 383 542 vero
405 481 480 542 liber
501 484 549 542 ille
573 485 610 542 de
631 491 712 544 motu
734 484 882 544 Aristoteli
905 485 978 546 falso
1001 487 1157 557 tribuatur,
1182 497 1277 554 amau

115 588 195 640 ante
226 582 446 658 physiologicas
479 585 536 644 iam
570 585 662 644 libros
688 586 814 660 scriptos
850 601 917 646 csse
944 589 1159 665 metapltysicos
1186 593 1277 656 nihilo

113 681 224 743 minas
261 692 374 744 certum
401 694 456 746 est
511 687 585 746 llicit
611 687 689 746 enim
722 687 753 746 in
780 687 838 746 illis
875 689 1049 764 saepissime
1087 708 1121 752 sa
1148 696 1277 758 seribere

112 784 198 847 velie
225 781 398 864 (numquam
421 803 455 848 ac
476 788 534 849 ism
556 789 725 867 scripsisse)
761 791 797 850 de
823 791 1001 852 nutrimento
1033 795 1070 852 de
1095 797 1206 858 morbis
1239 801 1276 860 de

111 887 240 960 plantis,
264 889 419 950 sicariam
441 891 516 950 libro
538 891 656 950 Meteon
685 892 771 952 tertio
799 900 930 952 extremo
959 895 1185 969 disputationem
1207 916 1275 973 pro·

109 987 200 1048 misit
222 991 259 1050 de
281 991 437 1064 lapidibus,
461 1008 521 1052 non
544 993 663 1066 quidem
685 995 766 1068 quod
787 995 868 1054 nullo
891 997 980 1062 modo
1002 997 1154 1072 exipsius
1177 1003 1273 1064 verbis

111 1091 255 1164 sequitur
288 1097 317 1152 in
344 1095 401 1152 boc
429 1094 495 1168 ipso
521 1095 587 1154 loco
615 1095 665 1154 ubi
694 1096 876 1156 universales
906 1103 1017 1158 uatum
1045 1099 1174 1160 rabones
1201 1103 1273 1164 divi·

109 1193 279 1269 sionesquc
305 1195 446 1269 posuisse
470 1197 543 1256 satis
570 1205 632 1256 erat
659 1199 713 1258 sed
739 1207 842 1272 postca
865 1199 982 1260 demum
1004 1202 1123 1276 proprio
1146 1211 1272 1280 aptaque

110 1294 183 1352 loeo
215 1295 430 1358 instituendum
463 1291 784 1382 (προχειριζομένοις
808 1294 887 1380 περὶ
912 1293 1051 1364 ἕκαστον
1076 1297 1171 1386 γένος
1203 1307 1221 1365 i.
1245 1323 1270 1368 e.

111 1399 235 1470 quando
258 1399 447 1460 instituemus
470 1417 638 1462 scrmotmm
659 1398 728 1478 etc.)
755 1418 804 1462 so..
821 1411 889 1477 post
910 1405 1071 1464 doctrinam
1094 1407 1131 1466 de
1153 1409 1268 1484 piandos

112 1497 226 1560 Omnes
250 1500 329 1560 enim
357 1503 412 1562 bos
439 1501 531 1564 libros
558 1513 627 1578 post
652 1504 743 1562 libros
771 1505 902 1579 quinque
930 1510 966 1568 de
992 1510 1181 1583 generatione
1206 1507 1270 1566 ani·

110 1602 234 1662 mdium
266 1602 461 1676 perficiendos
495 1605 552 1664 sibi
589 1606 734 1666 sumsisse
761 1605 948 1668 Aristotelem
980 1610 1020 1670 ita
1037 1617 1083 1668 ,at
1109 1624 1146 1668 ax
1173 1609 1267 1684 ipsius

111 1703 239 1764 oonsilio
271 1705 330 1764 iam
357 1705 564 1780 lleteor.1,1
598 1708 730 1768 nuntiato
762 1707 957 1782 physicorum
987 1721 1062 1780 opus
1096 1708 1267 1770 universum

113 1807 304 1866 concludatur
326 1806 408 1868 libris
432 1809 468 1868 da
490 1816 594 1870 natura
616 1825 692 1883 quae
714 1809 810 1868 anima
833 1809 949 1880 vitaque
964 1808 1095 1881 praedita
1110 1810 1266 1882 cotzoicis,

117 1905 146 1964 bi
168 1921 237 1966 vero
259 1907 433 1989 incipientes
455 1910 490 1968 ab
513 1910 633 1970 homine
654 1910 827 1982 animaeque
851 1908 983 1968 doctrina
1004 1923 1058 1983 per
1073 1918 1265 1984 sespectatac

113 2007 326 2068 descendentes
359 2011 396 2068 ad
425 2010 552 2070 animam
586 2011 732 2083 quatenns
765 2018 811 2070 est
836 2010 1003 2070 animalium
1031 2025 1123 2070 seusu
1150 2012 1266 2084 praedi·

109 2118 209 2169 torum
236 2111 366 2170 omnium
393 2111 509 2184 corpori
536 2125 698 2185 cooperans
724 2114 864 2174 liniantur
890 2113 920 2170 in
944 2112 1071 2170 animam
1097 2112 1265 2174 nutritivam

107 2228 141 2272 ac
162 2205 355 2288 vegetativam
376 2213 550 2287 plantasque
573 2213 661 2274 buius
683 2216 778 2276 solius
800 2214 966 2290 participes,
990 2212 1137 2288 lapidibus
1157 2214 1264 2276 deinde

106 2317 157 2389 qui
180 2323 210 2375 et
232 2315 289 2390 ipsi
311 2314 406 2374 latiori
434 2330 526 2404 sensu
552 2314 629 2374 sicut
655 2317 752 2376 omnis
780 2325 884 2377 natura
911 2317 1038 2374 animam
1065 2317 1174 2376 babent
1194 2333 1264 2376 cau·

105 2433 231 2494 samque
253 2417 378 2476 idealem
401 2423 429 2475 ct
451 2417 599 2476 aeternam
627 2434 725 2478 rerum
752 2434 856 2492 agmen
880 2417 1097 2489 claudentibus,
1125 2418 1155 2474 id
1177 2425 1207 2476 ct
1227 2434 1263 2478 cx

105 2521 295 2581 citationibus
322 2524 401 2592 patet
426 2525 455 2576 et
481 2532 517 2578 cx
540 2519 604 2592 ipsa
627 2535 667 2578 re.
712 2519 861 2580 pertinent
887 2518 965 2578 enirn
991 2515 1034 2576 illi
1060 2519 1097 2576 ad
1123 2535 1198 2593 opus
1226 2521 1263 2579 da

104 2623 239 2696 partibus
271 2619 440 2682 animalium
473 2621 721 2696 physiologieum,
755 2621 786 2678 in
812 2636 871 2694 quo
898 2626 967 2694 post
991 2633 1044 2678 eos
1071 2621 1122 2695 qui
1144 2623 1262 2696 proprie

105 2725 246 2784 dicuntur
273 2717 357 2805 περὶ,
375 2719 441 2784 τῶν
461 2713 588 2806 μορίων
614 2721 665 2796 (de
688 2737 753 2797 gen.
776 2739 823 2780 en.
840 2721 869 2793 1,
888 2718 1039 2780 157201)
1056 2721 1110 2799 20)
1137 2724 1173 2783 dc
1196 2724 1262 2784 uni-

103 2827 183 2887 versi
206 2826 338 2900 eorporis
360 2825 492 2902 partibus
516 2841 676 2898 earumque
698 2823 796 2886 causis
819 2829 939 2897 agentes
962 2817 1062 2896 (7651)
1076 2821 1104 2882 7.
1121 2819 1193 2895 782,
1206 2823 1260 2902 20)

104 2929 216 3004 quique
239 2929 328 2986 unios
351 2927 449 3001 operis
471 2941 524 3001 pro
546 2925 640 3000 prima
662 2926 747 3000 quasi
768 2933 850 2999 parte
872 2924 1019 2984 habentur
1041 2920 1090 2999 (de
1103 2939 1169 2997 gen.
1187 2921 1217 2997 5,
1230 2923 1260 2986 1.

104 3029 229 3092 77861
252 3029 303 3088 ubi
326 3030 362 3088 de
385 3043 474 3088 causa
495 3033 631 3089 movente
653 3043 728 3102 quae
751 3025 933 3086 substantiae
954 3024 1038 3098 quasi
1055 3025 1192 3086 accidens
1216 3034 1261 3086 est

101 3139 277 3207 repetuntur
299 3145 433 3205 eaquae
456 3129 531 3190 diota
553 3138 623 3190 sunt
644 3117 713 3190 κατ’
734 3117 836 3211 ἀρχὰς
851 3117 886 3189 ἓν
899 3125 971 3200 τοῖς
983 3115 1134 3210 πρώτοις
1147 3118 1261 3211 λόγοις

102 3236 121 3294 i.
148 3251 174 3294 c.
198 3235 235 3292 de
256 3241 328 3306 part.
353 3249 400 3292 an.
417 3230 447 3302 t,
463 3230 492 3292 1.
509 3229 580 3292 640.
604 3227 1057 3305 max.v.4÷7.15-19.25;
1080 3231 1149 3292 licet
1171 3232 1259 3292 buius

101 3337 238 3398 ciusdem
266 3351 385 3409 quoquo
411 3333 662 3408 degeneratione
695 3334 786 3408 partis
819 3340 920 3406 utpote
948 3341 1098 3407 separatae
1131 3323 1163 3394 οἱ
1188 3320 1258 3396 κατ’

101 3429 209 3518 ἀρχὰς
231 3425 327 3517 λόγοι
349 3436 475 3497 citenbtr
488 3436 519 3508 t,
530 3433 561 3498 8.
578 3434 665 3496 7766
682 3434 735 3510 10)
759 3435 893 3509 sequitur
915 3435 1005 3492 altera
1026 3449 1095 3507 pars
1118 3434 1154 3491 de
1169 3450 1259 3506 gene-

102 3540 228 3612 ratione,
251 3539 282 3602 in
304 3555 361 3612 qua
385 3539 473 3598 simul
495 3539 532 3596 de
554 3537 686 3612 partibus
709 3537 778 3598 baio
800 3536 842 3595 rei
864 3535 991 3610 propriis
1015 3541 1100 3594 antea
1118 3533 1259 3606 neglectis

103 3644 156 3720 (de
179 3649 252 3716 pert.
271 3637 358 3702 653b
375 3639 425 3701 16.
441 3636 529 3700 6551)
545 3635 595 3700 25.
612 3637 684 3713 678,
701 3639 742 3700 22
755 3656 819 3714 sqq.
844 3640 880 3698 oi
903 3639 940 3696 de
963 3652 1029 3712 gen
1046 3632 1076 3709 1,
1093 3632 1121 3694 1.
1141 3631 1214 3709 715,
1227 3634 1257 3697 1.

102 3744 155 3806 11.
174 3742 215 3804 16
240 3740 306 3804 τῶν
332 3735 410 3824 περὶ
431 3731 604 3826 τὰμόριοι
624 3738 798 3805 τελευταῖα
823 3739 942 3816 ταῦτα,
976 3739 1011 3798 cf.
1033 3735 1105 3811 721,
1121 3737 1172 3798 26.
1186 3735 1257 3819 28);

102 3845 286 3922 gonermmni
320 3859 387 3904 vero
421 3845 517 3918 iisque
549 3861 625 3919 quac
658 3863 762 3906 musac
796 3843 942 3904 moventis
975 3848 1045 3902 sunt
1077 3841 1258 3903 diversarum

103 3947 234 4024 partium
264 3946 416 4007 affectibus
449 3945 604 4006 coniuncta
635 3948 767 4020 proxime
801 3955 846 4005 est
870 3932 1008 4026 αὔξησις
1034 3951 1063 4003 et
1082 3932 1190 4026 τροφή
1212 3940 1257 4020 (ln

102 4051 180 4110 libro
201 4047 282 4108 enim
303 4049 341 4110 de
363 4061 463 4123 gener.
491 4042 648 4131 περὶτῆς
668 4042 798 4112 ἔσωθεν
818 4043 945 4130 τροφῆς
970 4054 1081 4106 tantum
1111 4061 1186 4119 quae
1213 4053 1259 4106 est

102 4151 133 4214 in
156 4156 243 4212 utero
264 4149 366 4212 mauis
388 4149 572 4212 nascentium
595 4150 722 4230 dicitnr),
750 4152 869 4224 dequo
892 4155 1063 4223 argumento
1084 4147 1257 4222 rationeque

103 4265 138 4312 ea
158 4267 219 4325 qua
241 4265 278 4310 cx
299 4251 438 4314 alimento
459 4253 490 4312 in
513 4269 619 4328 corpus
642 4256 729 4313 ducto
752 4259 782 4311 et
802 4251 958 4327 liquefacto
982 4255 1011 4308 et
1032 4256 1172 4308 concocta
1188 4265 1257 4309 san·

103 4355 184 4428 griis,
213 4369 249 4410 ex
275 4353 420 4426 sauguine
444 4361 538 4414 totum
565 4371 673 4430 eorpus
699 4357 807 4426 alatur,
835 4354 976 4414 librorum
1003 4350 1040 4408 dc
1068 4352 1255 4422 generatione
