3036 5164
655 359 717 422 tot

95 533 216 606 quihus
237 531 432 594 inducebatur
458 532 564 606 aliquia
596 524 656 613 τὴν
681 520 872 610 Ἀθηναίων
899 517 1000 588 πόλιν
1023 517 1262 609 ὀδυρόμενοςο

95 632 316 694 Macedonibus
339 636 402 694 scil.
426 641 540 708 captam
563 635 613 708 (ir.
627 650 673 706 ap.
686 633 811 690 Demetr.
825 651 861 692 π.
874 619 984 711 ὅρμον.
998 628 1041 692 28
1051 629 1127 704 pl?
1140 630 1261 702 Wala.);

95 725 290 808 Πολιτικός
316 735 378 795 sire
401 738 438 796 de
460 735 609 810 republica
636 744 665 794 et
686 739 853 809 praestante
876 732 952 803 viro,
987 741 1018 792 ut
1040 733 1080 792 ait
1102 732 1204 792 Cicero
1226 733 1263 790 ad

97 836 205 904 Quint.
222 833 252 908 3,
268 835 298 906 5,
322 837 358 896 ad
382 836 461 896 illius
484 853 617 899 normam
645 836 700 896 sibi
728 835 786 894 iam
812 834 928 907 placere
955 835 1094 894 nuntians
1117 834 1153 890 de
1176 847 1263 906 repu-

97 935 182 998 blica
203 938 337 1012 dialogos
359 955 431 998 suos
454 939 493 998 ita
515 947 627 998 mutme
649 945 682 996 ut
703 936 767 1010 ipse
789 937 926 1009 loquatur
953 953 1020 996 cum
1044 935 1152 1003 Quinto
1176 934 1263 992 tratre

97 1038 183 1098 sieut
214 1038 244 1098 iu
273 1039 454 1099 Academicis
481 1057 549 1099 cum
574 1041 719 1111 Varroue;
763 1027 913 1119 Γρύλλος
939 1026 960 1120 ἢ
986 1031 1064 1119 περὶ
1091 1031 1264 1117 ῥητορικῆς

97 1138 444 1213 (amputatam)
478 1140 596 1202 subtilia
631 1141 776 1214 qrraedam
807 1147 978 1212 argumenta
1005 1139 1161 1198 continens
1187 1136 1263 1196 sitne

96 1257 151 1298 ars
176 1241 322 1300 rhetorica
341 1237 531 1316 puaereutis3
554 1233 742 1321 Κορίνθιος
764 1240 918 1312 (Theruist.
936 1241 1025 1300 Oratt.
1038 1258 1066 1314 p.
1080 1235 1142 1300 295
1158 1238 1263 1309 Hard.)

98 1356 275 1402 sermonem
306 1345 419 1402 ducens
446 1359 462 1402 e
492 1343 622 1402 Platonis
650 1343 756 1417 Gorgia
784 1343 908 1416 eiusque
935 1341 1109 1400 admiratore
1136 1341 1263 1414 quodam

97 1443 216 1502 rustico
251 1444 302 1517 (el.
315 1443 518 1519 ‘Theophrasti
540 1433 734 1527 Μεγαρικός
756 1444 788 1502 il.
805 1445 837 1502 L.
855 1442 884 1515 6,
900 1442 971 1516 22);
1003 1432 1174 1524 Σοφιστής
1201 1442 1262 1514 (W.

98 1543 177 1604 142.
194 1545 228 1604 b.
243 1547 275 1604 L.
288 1543 318 1616 8,
332 1542 403 1619 57);
427 1538 632 1623 Μενέξενος)
650 1536 827 1627 Ἐρωτικὸς
849 1547 910 1619 (W.
923 1542 995 1604 144.
1008 1546 1112 1604 Athen.
1127 1541 1178 1617 15,
1191 1543 1263 1614 674,

99 1647 155 1706 uhi
177 1646 229 1705 lib.
253 1647 402 1706 secundus
425 1646 538 1717 citatur,
561 1648 597 1706 cl.
614 1644 665 1718 13,
682 1645 771 1722 564),
800 1663 875 1721 quac
898 1647 935 1704 de
957 1661 1039 1704 nrora
1063 1647 1197 1720 quaestio
1221 1647 1262 1704 ia·

99 1747 184 1808 bulis
207 1763 384 1821 morumque
405 1748 549 1821 exemplis
570 1749 723 1822 aptissima
745 1748 884 1810 omnibus
907 1749 968 1806 lere
980 1755 1106 1820 quatuor
1117 1755 1264 1808 sectarum

100 1849 315 1923 Theophrastei
338 1849 400 1908 aevi
424 1857 454 1908 et
473 1856 578 1923 postea
593 1851 778 1924 philosophis
793 1850 821 1910 lu
838 1849 950 1908 deliciis
968 1856 1045 1921 erat;
1067 1838 1265 1926 Συμπόσιον

105 1949 199 2022 (Plut
222 1951 348 2025 Sympl
370 1952 518 2025 prooem.)
543 1950 605 2010 sive
627 1950 848 2025 (stauthpteuri
860 1949 1026 2010 convivium
1040 1950 1071 2008 D.
1084 1953 1116 2009 L.
1130 1947 1262 2020 10119.

104 2053 182 2112 Plut.
206 2055 306 2128 Symp.
322 2051 388 2126 3,6
422 2063 451 2114 61
476 2053 667 2126 Theophrasti
700 2054 736 2112 61.
764 2053 838 2112 9111.
867 2067 926 2112 non
954 2067 1044 2125 posse
1073 2068 1154 2110 suar.
1172 2048 1213 2112 13
1236 2060 1265 2110 et

101 2155 247 2214 Athenaei
273 2155 427 2214 citationes
455 2154 596 2229 plurimas
621 2155 658 2212 de
681 2156 789 2228 quihus
812 2173 838 2214 v.
862 2154 960 2224 indic,
984 2161 1014 2212 at
1035 2153 1203 2228 Hieronymi
1227 2155 1263 2212 el.

101 2255 181 2314 Plut
206 2257 332 2331 Sympi
354 2271 485 2330 prooem.
502 2257 605 2314 Athen.
623 2254 674 2329 10,
689 2257 763 2316 424.
780 2256 831 2329 11,
846 2255 919 2316 499.
947 2256 983 2314 61.
1003 2262 1155 2328 praeterea
1170 2256 1265 2329 Speu-

101 2356 185 2430 sippi
206 2348 388 2430 Πλάπονος
410 2348 628 2439 περίδειπνον
649 2357 822 2432 111112.
854 2357 955 2418 uronis
977 2356 1140 2416 Academici
1164 2389 1205 2398 -
1228 2359 1265 2418 de

102 2475 169 2532 quo
193 2461 297 2519 Strabo
310 2457 340 2531 3,
352 2457 425 2519 431.
450 2459 508 2518 Cic.
526 2477 579 2534 pro
597 2457 1013 2530 06611610.6166.1.19,17
1035 2491 1077 2502 -
1100 2459 1262 2518 convivium

102 2560 184 2618 Plut.
208 2561 306 2636 Symp.
324 2562 335 2619 1
357 2579 400 2636 pr.
425 2561 529 2620 Athen.
546 2560 575 2634 1,
592 2559 635 2622 34
647 2571 701 2622 616.
715 2566 797 2636 616.)
811 2557 889 2643 περὶ
908 2555 1018 2643 μέθης
1034 2561 1182 2635 (Apollou.
1199 2561 1264 2620 mir.

102 2660 159 2722 25.
184 2662 309 2722 Macrob.
327 2663 356 2734 7,
374 2663 423 2736 6),
458 2663 488 2721 in
511 2679 570 2737 quo
593 2672 695 2724 auctor
721 2680 770 2723 res
793 2665 959 2724 conrivales
981 2663 1132 2722 illustrans
1155 2665 1266 2722 multus

102 2771 173 2824 erat
197 2764 228 2822 iu
253 2765 381 2824 Homero
415 2765 588 2838 explicando
616 2765 645 2824 id
674 2767 752 2838 quod
780 2767 875 2826 lacere
902 2781 969 2824 eum
996 2765 1027 2822 in
1055 2765 1120 2822 aliis
1147 2780 1266 2839 quoque

102 2865 233 2939 dialogis
256 2866 375 2926 solitum
397 2881 466 2926 esse
489 2874 519 2926 et
541 2867 593 2926 bio
617 2865 719 2940 chrys.
742 2875 868 2926 testatur
891 2867 939 2926 Or.
957 2863 997 2926 53
1013 2884 1041 2940 p.
1055 2863 1117 2926 634
1140 2867 1185 2924 61.
1199 2867 1266 2924 1111-

102 2967 210 3042 parius
243 2969 337 3041 (velut
369 2968 399 3026 in
431 2968 506 3027 libro
540 2988 578 3030 π.
605 2958 708 3050 calyce.
742 2987 788 3044 ap.
813 2971 933 3040 Athen,
966 2960 1045 3048 περὶ
1076 2965 1186 3050 ψυχῆς
1217 2983 1262 3042 ap.

103 3071 246 3142 Sextum)
279 3085 347 3130 cum
375 3071 448 3128 Plut.
478 3070 541 3129 Nou
576 3087 666 3146 posse
696 3087 777 3129 suar.
800 3069 840 3132 13
875 3071 941 3144 (ubi
964 3072 1037 3130 laiso
1060 3085 1139 3128 nunc
1160 3068 1267 3142 legitur

103 3164 169 3233 καὶ
183 3160 446 3254 Ἀριστοφάνους
471 3167 549 3254 περὶ
566 3163 711 3256 Ὁμήρου
724 3189 777 3247 pro
794 3164 1060 3254 Ἀριστοτέλους)
1074 3181 1103 3232 61
1113 3171 1266 3230 confirmat

104 3275 213 3347 fragm.
236 3275 272 3332 ab
295 3274 444 3334 Athenaeo
461 3273 512 3346 15,
529 3274 592 3336 674
614 3277 747 3348 citatum,
781 3278 817 3335 61.
840 3285 992 3350 praeterea
1019 3276 1068 3334 uhi
1091 3275 1169 3333 idem
1193 3273 1267 3332 liber

105 3376 218 3434 citatur
238 3375 312 3434 Plut.
337 3377 436 3450 Symp.
453 3375 483 3450 3,
499 3375 528 3438 3.
553 3379 589 3437 61.
605 3375 635 3448 3,
652 3376 682 3449 7,
698 3374 728 3436 3.
745 3375 775 3451 3,
790 3377 821 3451 8,
838 3376 866 3436 1..
890 3379 995 3436 Athen.
1011 3377 1041 3448 2,
1057 3377 1109 3434 44.
1126 3373 1177 3446 10,
1193 3374 1266 3436 429.

106 3476 165 3548 10,
181 3477 243 3536 447
267 3477 318 3550 (61.
336 3475 365 3549 1,
381 3475 448 3550 34).
472 3477 524 3552 11,
539 3479 612 3540 464.
630 3477 680 3551 14,
698 3478 769 3538 641.
793 3481 829 3540 61.
846 3480 875 3553 2,
888 3481 939 3540 40.
956 3477 1006 3549 11,
1018 3476 1082 3536 496
1098 3479 1150 3550 (16
1162 3479 1267 3536 eodem

106 3587 285 3654 argumento
308 3580 450 3639 convivali
472 3582 509 3640 ah
530 3582 685 3642 Aristotele
708 3589 787 3640 certe
808 3581 903 3640 alieno
925 3579 1087 3639 tractabant
1102 3578 1187 3637 etiam
1204 3579 1267 3638 Ari-

108 3681 227 3742 stotelis
250 3670 350 3757 νόμοι
371 3674 574 3758 συμποτικοί
593 3684 698 3742 Athen.
715 3680 744 3753 1,
761 3679 791 3740 3.
808 3679 836 3754 5,
854 3679 925 3742 186.
949 3681 985 3738 61.
1009 3680 1101 3738 Procl.
1117 3680 1147 3738 in
1163 3673 1266 3756 Remp.

108 3785 162 3844 cit.
185 3783 294 3842 Fabric.
311 3782 347 3840 lii
361 3800 389 3857 p.
402 3780 465 3844 398
478 3785 511 3842 ll.
536 3785 597 3844 sire
620 3773 810 3856 dracomaria
830 3787 907 3858 apud
921 3784 953 3842 D.
967 3784 999 3841 i..
1010 3779 1040 3851 5,
1053 3779 1104 3840 26.
1128 3784 1163 3842 61.
1182 3803 1267 3866 προ-

107 3874 268 3968 βλήματα
300 3878 473 3946 σοοσπικὰ
495 3886 604 3958 Aaou,
639 3887 765 3947 liadschi
792 3887 893 3946 lihalla
927 3901 972 3958 ap.
996 3885 1039 3942 W.
1061 3881 1154 3957 159);
1190 3881 1269 3966 περὶ

109 3979 274 4060 πλούτου,
308 4002 344 4044 ex
371 4003 430 4061 quo
457 3988 531 4046 libro
559 3996 689 4048 sumtum
716 4004 783 4048 6666
806 3989 903 4047 locum
926 3987 1008 4044 illum
1031 4001 1217 4045 communem
1240 3995 1269 4046 61

110 4090 255 4150 moralem
287 4105 376 4162 quem
409 4097 477 4163 post
509 4090 628 4150 citatum
655 4091 848 4164 Theophrasti
881 4090 988 4148 librum
1021 4081 1099 4166 περὶ
1123 4079 1269 4150 πλούτου

110 4194 166 4267 (cl.
183 4194 214 4253 h.
232 4194 263 4252 L.
281 4189 311 4264 5,
327 4189 385 4264 47)
419 4208 456 4252 ex
483 4192 638 4252 Aristotele
670 4193 752 4251 affert
779 4191 881 4250 Cicero
911 4191 946 4249 de
975 4187 1154 4260 ostreata
1191 4191 1267 4249 bene

112 4296 185 4354 vidit
206 4294 357 4356 Fabricius
380 4295 432 4367 (ad
455 4297 533 4354 hunc
556 4294 680 4354 fortasse
707 4293 813 4352 librum
840 4290 966 4366 pertinet
987 4290 1084 4350 citatio
1107 4289 1268 4350 Philodami

113 4397 145 4454 iu
167 4399 185 4456 l.
203 4398 240 4456 iX
263 4399 300 4458 de
323 4395 418 4455 virtut.
443 4405 472 4454 et
494 4395 571 4454 vitiis
595 4393 722 4454 rol21:
748 4385 831 4474 ὅπερ
849 4383 1011 4472 Ἀριστον.
1033 4383 1164 4454 ἔπαθεν
1185 4385 1269 4454 κατὰ
