3024 5162
807 357 869 420 180

262 539 298 598 de
320 535 495 612 agricultura
521 532 687 609 composuit
713 547 771 592 sec.
795 529 844 589 llll
867 527 918 586 llrn
942 499 1123 584 lii-Annam
1151 517 1254 591 (Libro
1278 514 1314 572 de
1337 511 1405 585 agri·

262 639 376 700 cultura
398 647 452 699 etc.
474 636 626 698 traducido
649 635 675 692 al
699 625 863 694 castellano
886 643 941 703 por
963 627 1026 684 uon
1042 623 1066 684 J.
1079 623 1113 682 Α.
1126 617 1282 694 Banqueri.
1302 614 1406 674 Madrid

264 740 372 816 1802),
396 741 445 816 qui
471 755 525 814 pro
552 752 634 798 more
656 738 783 796 Arabum
811 731 961 805 mediique
988 727 1051 786 aevi
1078 724 1175 784 omnis
1202 717 1351 781 communi
1377 729 1406 772 en

263 847 421 904 multorum
443 849 473 902 et
494 839 684 900 arabicorum
707 848 736 899 et
758 839 936 898 Graecorum
959 829 1133 902 scriptorum
1147 825 1221 885 locis
1237 837 1313 896 opus
1329 833 1407 878 suum

263 947 421 1018 contexuit,
445 945 623 1003 Graecorum
645 949 743 999 tomen
765 935 934 998 testimonia
957 932 1049 1006 (inter
1071 944 1147 1004 quos
1169 933 1284 1002 praeter
1306 921 1408 982 Aristo·

264 1051 351 1109 telem
366 1051 402 1108 cl.
418 1050 430 1107 l
444 1065 473 1121 p.
489 1045 509 1106 9
534 1028 803 1102 Cassianum'alios
825 1037 965 1098 continuo
989 1035 1049 1092 lere
1071 1047 1139 1092 cum
1153 1028 1240 1088 Junio
1256 1027 1324 1088 citat
1336 1025 1407 1084 Cesti

264 1152 418 1212 cuiusdam
441 1149 518 1222 apud
539 1147 614 1204 alies
637 1158 754 1218 quoque
779 1141 889 1200 Arabes
904 1139 983 1198 velut
998 1134 1157 1194 Beitarium
1179 1129 1249 1190 clari
1273 1130 1309 1188 de
1329 1126 1407 1202 agric.

264 1254 372 1314 librum
394 1252 430 1310 cl.
454 1250 514 1310 Τ.Ι
535 1265 564 1322 p.
581 1247 632 1306 42.
656 1243 792 1304 chrich
815 1259 843 1316 p.
860 1239 924 1301 298
939 1256 984 1313 sq.
1007 1235 1199 1296 Hadsotrillu.
1213 1228 1331 1304 5,132;
1354 1231 1408 1305 plu-

265 1355 406 1414 rimorum
439 1361 537 1428 umen
564 1349 684 1410 nomina
706 1346 856 1420 corrupta)
890 1359 950 1403 nou
984 1357 1020 1401 ex
1053 1339 1127 1414 ipsis
1159 1335 1257 1396 hausit
1289 1333 1409 1392 tontum

267 1457 329 1514 sed.
342 1471 379 1514 ex
402 1454 525 1514 aliorum
546 1453 645 1526 potius
668 1449 795 1508 Arabum
817 1446 901 1505 libris
924 1446 960 1503 de
983 1445 1091 1518 quibus
1114 1442 1178 1516 ipse
1201 1437 1273 1498 dixit
1287 1437 1316 1495 in
1328 1433 1408 1510 prael.

268 1572 297 1629 p.
317 1551 339 1614 8
356 1569 419 1626 sqrr
464 1557 540 1614 inter
578 1568 652 1628 quos
691 1557 737 1610 cst
774 1549 937 1608 Chaldaeus
970 1546 1019 1604 ille
1056 1540 1308 1616 ibn-WalrschijJ'a
1344 1538 1408 1610 (sec.

268 1655 375 1716 tx—-x
398 1655 434 1714 cl.
457 1655 641 1716 Witstenleld
663 1652 837 1712 Gesclrichte
860 1651 912 1708 der
934 1649 1012 1706 arab.
1028 1652 1107 1706 ttrzte
1127 1645 1188 1704 und
1204 1640 1411 1703 naturlorsclrer

269 1775 297 1833 p.
310 1753 367 1830 39)
396 1756 447 1830 qui
473 1757 554 1816 etin
576 1758 651 1816 lilrro
678 1770 733 1814 suo
756 1752 957 1828 Agriculturae
979 1750 1141 1810 Nabataeae
1167 1745 1266 1805 multis
1291 1750 1409 1804 veterum

271 1859 439 1920 auctoribus
462 1873 536 1918 usus
559 1865 605 1918 est
627 1865 656 1915 et
676 1857 784 1915 librum
807 1856 843 1914 de
866 1854 954 1928 agric.
967 1850 1132 1912 Democrito
1146 1849 1324 1922 adscriptum
1339 1842 1411 1902 cuim

270 1959 504 2038 fragmplurima
516 1959 641 2019 citatlbn
654 1955 838 2030 El·llwwdm‚
852 1956 882 2014 in
893 1953 1180 2030 lingurmsrouicarn
1192 1951 1257 2026 ipse
1267 1944 1409 2008 transtulit

271 2062 487 2123 sennonteus
505 2060 624 2134 quidem
640 2060 801 2134 fragmenta
818 2075 894 2133 quae
910 2059 1009 2133 posuit
1026 2058 1077 2116 lbn
1093 2050 1277 2125 lii-Annam,
1298 2067 1332 2111 ex
1347 2049 1410 2108 libro

273 2166 400 2240 quodam
423 2164 459 2222 de
481 2163 656 2236 agricultura
678 2161 729 2234 qui
750 2169 849 2220 tamma
865 2175 1026 2234 numquam
1042 2159 1144 2218 titulus
1155 2156 1321 2216 nominatur
1331 2149 1411 2212 mani·

271 2267 350 2326 lesco
371 2270 467 2324 sumta
479 2263 541 2335 (cl,u
555 2263 586 2320 T.
602 2263 614 2319 l
635 2279 664 2336 p.
681 2259 753 2322 551.
763 2258 834 2321 657.
842 2259 914 2322 671..
924 2259 995 2322 673.
1009 2263 1039 2320 Τ.
1047 2262 1070 2320 ll
1081 2258 1188 2335 pecc.
1196 2257 1275 2332 242)
1288 2273 1322 2316 ex
1335 2255 1409 2314 costo

274 2366 324 2428 illo
335 2365 451 2426 uidetur
461 2363 583 2424 duxisse
604 2364 655 2437 (cl.
678 2381 754 2424 man.
772 2361 801 2437 1,
818 2360 890 2424 551.
906 2364 936 2436 2,
952 2363 1024 2422 242.
1048 2363 1134 2422 etiam
1149 2362 1179 2436 2,
1190 2361 1269 2435 226)
1285 2361 1344 2420 sive
1358 2358 1410 2431 ipsc

276 2469 339 2530 siue
366 2471 468 2526 auctor
493 2483 581 2541 quem
608 2465 743 2540 sequitur
763 2465 905 2525 Arabicus
932 2482 988 2526 uec
1014 2466 1112 2540 ipsum
1133 2463 1298 2526 Aristotelis
1319 2462 1410 2520 libmm

275 2569 398 2632 Arabico
425 2583 565 2643 umquam
592 2568 724 2642 extitisse
749 2568 908 2627 verisimile
937 2576 981 2626 est
1012 2567 1057 2642 (id
1080 2568 1160 2640 quod
1181 2560 1410 2627 inconsideratius

275 2683 309 2734 ut
330 2689 419 2748 saepe
440 2672 533 2734 voluit
555 2672 692 2732 chricir
714 2689 743 2746 p.
759 2669 825 2745 94).
870 2671 951 2740 Quae
973 2677 1070 2730 autem
1096 2685 1198 2729 revera
1220 2672 1298 2744 apud
1318 2665 1411 2726 Arabes

275 2777 444 2836 lerebmtur
464 2776 642 2836 Graecorum
665 2782 816 2836 auctorum
839 2774 948 2848 scripta
971 2773 1080 2834 Graece
1102 2773 1254 2848 deperdita
1274 2766 1411 2832 velutlri-

275 2878 391 2940 stotclis
412 2879 541 2938 Platonis
564 2878 666 2937 Galeni
688 2876 873 2949 Hippocratis
895 2877 1020 2937 aliorum
1041 2876 1176 2951 plurimo,
1200 2891 1234 2936 ea
1257 2871 1410 2936 omniafere

277 2988 347 3039 sunt
368 2979 573 3040 recentissima
595 2988 806 3052 auctorumque
829 2979 1053 3053 Byzantinorum
1069 2979 1329 3054 pseudepigrapha.
1357 2970 1409 3047 syri

276 3082 356 3140 onim
379 3082 420 3140 illi
442 3082 617 3154 interpretes
641 3097 717 3154 quus
739 3081 850 3140 intento
873 3081 970 3140 studio
987 3097 1039 3140 eos
1055 3081 1146 3140 libros
1164 3097 1288 3154 quorum
1303 3077 1409 3139 lectione

278 3191 349 3242 tunc
373 3182 516 3256 temporis
543 3183 669 3241 maxime
696 3184 857 3256 gauderent
884 3183 985 3242 Graeci
1017 3183 1162 3242 Arabihus
1194 3183 1346 3254 tradidisse
1367 3192 1410 3251 prr

278 3291 334 3355 est,
356 3284 464 3342 mirum
487 3291 624 3357 quantm
646 3293 761 3358 praeter
782 3285 969 3358 antiquorum
984 3281 1410 3346 auctorumlibroselarissimos

276 3392 307 3446 et
328 3394 398 3446 tunc
420 3401 538 3461 quoque
560 3386 693 3460 vulgatos
716 3387 942 3461 Byzantinorum
969 3388 1145 3462 scriptorum
1172 3388 1288 3463 copiam
1309 3386 1337 3444 in
1356 3383 1411 3442 lra-

276 3487 372 3550 orcam
393 3487 524 3563 linguam
545 3488 746 3548 transtulerint
768 3504 929 3563 corumque
953 3490 1026 3548 lalso
1045 3491 1128 3550 titulo
1146 3497 1196 3549 aut
1210 3491 1289 3563 apud
1303 3488 1411 3548 Graecos

275 3593 335 3652 iarn
361 3592 569 3665 inscriptorum
602 3598 652 3649 aut
677 3591 810 3666 ipsorum
844 3590 1036 3665 interpretum
1063 3593 1254 3666 deceptorum
1281 3603 1372 3652 errore
1388 3591 1411 3642 et

276 3693 390 3752 incuria
416 3700 466 3752 aut
492 3709 549 3768 qua
575 3692 700 3752 maxime
727 3709 815 3752 causa
838 3692 936 3751 medio
963 3708 1035 3754 aevo
1062 3696 1139 3769 apud
1165 3693 1286 3761 Latinos
1312 3700 1412 3766 quoque

277 3793 355 3854 tituli
376 3793 484 3854 turbati
506 3803 576 3854 sunt
598 3795 649 3869 (ef.
673 3811 689 3854 e
712 3811 754 3870 gr.
778 3794 963 3854 Aristotelem
986 3796 1023 3854 de
1045 3797 1142 3856 causis
1165 3796 1202 3855 de
1224 3810 1313 3870 pomo
1328 3794 1412 3853 desen

276 3895 432 3970 principiis
451 3899 522 3971 etc.)
543 3898 729 3957 librariorum
751 3896 947 3970 posteriorum
976 3896 1006 3956 in
1028 3899 1112 3958 titulo
1144 3873 1338 3957 describendo
1359 3905 1413 3952 eum

276 3999 417 4058 brevitate
439 3999 625 4074 negligentia.
668 3998 784 4058 Etenim
806 4005 835 4057 et
856 3998 1032 4074 interpretes
1055 4007 1250 4074 auctoresque
1272 3979 1383 4072 Arabici
1391 3997 1414 4049 rt

277 4109 403 4174 quorum
426 4103 529 4162 eadem
551 4117 674 4176 prorsus
696 4101 862 4162 studiorum
884 4101 957 4162 ratic
980 4101 1069 4162 medii
1092 4103 1156 4162 aevi
1178 4093 1415 4178 scriptoressslrri-

277 4202 364 4262 stiam
385 4203 459 4277 ipsis
482 4205 543 4263 lere
564 4204 653 4262 rebus
675 4202 800 4278 singulis
823 4204 1038 4277 cognoscendis
1060 4211 1089 4264 et
1110 4179 1307 4279 undecunque
1318 4194 1415 4276 ingenti

276 4303 444 4366 curiositate
466 4304 658 4379 compilandis
681 4305 783 4368 intenti
812 4313 894 4366 erant
915 4305 1009 4380 magis
1036 4321 1123 4381 quam
1145 4315 1298 4366 auctorum
1319 4305 1416 4364 littera·

274 4421 399 4482 rumque
420 4406 559 4468 historiae
582 4406 702 4480 verique
724 4423 822 4467 rerum
838 4423 933 4468 nexus
946 4408 1124 4482 indagationi
1140 4417 1236 4470 certae
1248 4417 1277 4470 et
1288 4405 1415 4469 eruditae.
