3036 5164
779 321 841 388 136

233 495 282 578 (cl.
306 498 437 560 Nunnes.
465 500 502 560 de
525 498 622 559 studio
650 496 817 573 philosoph.
851 497 944 572 Lugd.
969 497 1032 556 Bat.
1055 495 1138 558 1621
1162 516 1191 573 p.
1208 495 1279 577 78),
1312 513 1396 574 quae

233 600 353 676 quidem
376 602 572 677 disputatione
594 601 794 676 metaphysica
816 600 910 660 luisse
932 600 1100 660 continuata
1122 609 1151 660 et
1173 601 1306 676 ipsorum
1322 601 1396 660 finis

233 704 361 764 declaret
383 706 419 764 de
441 701 593 778 principiis
617 712 646 762 et
666 711 765 762 mente
787 709 936 776 tamquam
958 703 1073 762 criterio
1089 704 1397 778 quaestionemprae·

234 823 341 882 parans
365 804 431 886 (An.
446 805 629 882 666219)
654 814 683 866 et
704 806 863 880 Metaphys.
887 805 1030 864 librorum
1052 805 1169 866 initium
1187 805 1398 885 (1,1.)66666

234 909 295 970 fere
317 926 370 985 pro
392 909 610 970 introductione
632 915 779 982 repetens,
803 908 1001 983 materiaeque
1024 909 1143 966 omnino
1160 908 1399 983 similitudoque

235 1020 267 1072 ut
290 1014 326 1073 de
349 1015 513 1073 substantia
536 1013 575 1072 ita
598 1013 634 1070 de
658 1012 864 1086 cognoscenda
886 1026 920 1069 ea
943 1019 972 1070 ct
987 1011 1185 1086 cognoscendi
1201 1012 1398 1072 laudamento

236 1111 298 1189 (lib.
314 1116 362 1189 Ill)
387 1123 415 1176 et
438 1114 590 1188 principiis
613 1113 802 1188 syllogisticis
815 1113 922 1186 quibus
936 1115 1026 1173 utitur
1037 1114 1257 1174 demonstrandi
1270 1114 1399 1174 scientia

235 1215 282 1293 (cl.
300 1213 329 1289 3,
346 1215 378 1295 3)
413 1225 589 1294 quaerentes
622 1215 768 1288 inceptam
801 1217 831 1274 in
854 1215 1013 1292 Analytieis
1040 1216 1145 1275 iisdem
1179 1217 1237 1276 iam
1259 1217 1399 1276 terminis

236 1321 447 1394 metaphysicis
470 1312 520 1397 (τὸ
541 1312 575 1380 τὶ
595 1303 734 1402 ἦνεῖναι
747 1317 815 1394 etc.)
839 1317 988 1378 utentibus
1011 1319 1047 1378 de
1070 1318 1200 1378 notionis
1223 1319 1400 1378 delinitione

237 1421 441 1494 quaestionem
471 1421 536 1497 (An.
560 1428 636 1495 post.
661 1421 690 1495 2,
708 1419 818 1499 esqq.)
852 1420 1022 1495 perficiunt,
1057 1421 1087 1478 id
1113 1421 1193 1494 quod
1225 1420 1291 1495 ipse
1326 1421 1401 1480 dicit

236 1523 303 1581 lllet.
321 1521 408 1596 6,12
431 1512 494 1606 (ἐφ’
520 1513 600 1586 ὅσον
621 1555 662 1564 -
683 1517 728 1606 μή
753 1512 904 1606 εἴρηται).
950 1521 1081 1582 Attamen
1112 1523 1138 1582 si
1160 1523 1322 1596 primorum
1347 1521 1398 1580 Ar.

236 1625 379 1686 librorum
392 1627 470 1687 ·i..‘e.
495 1627 658 1702 logicorum
680 1643 747 1688 cum
770 1626 896 1701 politicis
919 1641 1029 1684 nexum
1052 1632 1168 1699 spectas
1190 1625 1300 1684 mutuis
1322 1625 1400 1684 cita·

237 1729 375 1790 tionibus
391 1731 603 1803 confirmatum,
627 1731 826 1805 metaphysica
849 1744 919 1787 vero
942 1742 1008 1785 cum
1024 1727 1096 1786 solis
1110 1726 1240 1802 physicis
1256 1728 1399 1801 trequen-

239 1823 362 1890 tioribus
386 1833 573 1894 citationibus
597 1833 736 1907 coniungi
760 1832 857 1906 iisque
872 1831 922 1905 qui
938 1831 1042 1890 66666
1059 1831 1119 1896 lere
1133 1837 1266 1902 tempore
1277 1830 1399 1904 utrique

237 1933 320 2007 operi
355 1935 511 1996 scribendo
546 1952 578 1994 se
612 1937 730 1995 dedisse
756 1934 942 1993 Aristotelem
975 1933 1145 2004 ostendant,
1179 1932 1235 1990 iam
1269 1947 1398 2006 respuas

237 2036 435 2096 coniecturam
469 2038 549 2098 illam
583 2054 619 2098 ex
646 2037 862 2112 Aualyticorum
897 2037 954 2096 line
987 2043 1084 2096 uatum
1117 2049 1173 2094 nee
1201 2034 1295 2092 libros
1322 2034 1397 2093 istos

237 2138 463 2213 studiorumque
491 2140 598 2199 seriem
624 2139 805 2214 interpositis
828 2139 1034 2214 lletaphysiois
1062 2139 1138 2197 male
1161 2136 1290 2196 dicimos.
1337 2137 1398 2195 Neo

237 2240 330 2314 magis
353 2248 451 2302 tannen
474 2241 562 2300 cedas
585 2249 716 2302 vetarunt
739 2242 843 2302 rationi
861 2242 911 2316 qui
924 2242 1058 2301 intimum
1070 2241 1152 2300 illum
1164 2239 1356 2316 physicorum
1369 2247 1397 2299 ct

236 2343 505 2419 rnctaphysicorum
539 2345 705 2406 studiorum
738 2361 847 2404 nexum
874 2347 950 2404 benc
972 2342 1186 2418 perspicientes
1207 2350 1277 2416 post
1301 2343 1408 2418 logica

236 2446 358 2520 physica
381 2447 581 2522 metaphysica
603 2464 682 2508 nuno
704 2449 823 2508 demum
846 2447 939 2507 ethica
963 2445 1047 2520 sequi
1066 2451 1245 2518 statuerent,
1268 2461 1396 2518 cuorum

238 2547 413 2608 sententiam
435 2549 546 2608 Arabes
569 2551 656 2610 etiarn
683 2549 841 2609 tuebantur
867 2547 915 2624 (cf.
939 2546 1152 2608 lbn·el·Nedim
1175 2564 1221 2622 ap.
1243 2547 1398 2622 llottinger

237 2650 308 2710 bibl.
333 2651 437 2712 orient.
461 2669 489 2726 p.
511 2651 582 2713 220.
617 2654 656 2713 id.
680 2667 725 2726 up.
749 2652 876 2712 Hadschi
899 2651 992 2710 llbalt'.
1014 2647 1043 2723 3,
1060 2649 1100 2710 96
1124 2652 1169 2710 66
1194 2649 1275 2724 brug.
1298 2659 1329 2710 et
1349 2668 1396 2726 ap.

237 2752 563 2816 Dscbemal-cd-dinum
591 2755 682 2815 Casiri
704 2753 733 2827 1,
754 2751 840 2832 306).
896 2753 927 2812 Si
959 2752 1047 2827 igitur
1086 2759 1319 2812 cousentaneum
1352 2761 1397 2812 est

238 2855 404 2916 Aristotelis
427 2840 626 2934 Metaphysiea
652 2857 728 2916 iuter
754 2858 848 2932 prima
876 2856 940 2915 eius
968 2871 1058 2929 opera
1079 2857 1228 2916 censenda
1251 2870 1320 2914 esse
1342 2871 1397 2914 uec

238 2958 332 3032 magis
355 2960 440 3032 sequi
463 2977 553 3036 posse
580 2968 649 3036 post
674 2960 796 3036 physica
819 2975 906 3034 quam
929 2965 997 3034 post
1018 2939 1148 3018 Platonis
1169 2957 1326 3016 Timaeum·
1342 2958 1397 3016 So-

238 3056 334 3134 phiste
357 3069 407 3120 aut
428 3062 538 3136 Logioa
559 3061 672 3136 Hegelii
695 3067 763 3135 post
784 3061 1004 3136 Philosophiam
1026 3060 1204 3134 naturalem,
1228 3067 1307 3118 certe
1329 3067 1397 3118 ante

237 3163 321 3221 zoica
343 3163 450 3222 editam
473 3163 566 3222 fuisse
588 3163 712 3236 primam
734 3164 951 3238 philosophiam
973 3162 1143 3222 testimonio
1166 3169 1212 3222 est
1234 3163 1318 3222 locus
1331 3161 1395 3220 libri

239 3266 276 3323 de
299 3272 380 3324 motu
403 3266 519 3325 animal.
537 3282 561 3324 c.
579 3264 608 3337 6,
631 3266 737 3324 unicus
760 3265 809 3324 ille
832 3282 890 3340 quo
906 3264 1173 3340 metaphysicorum
1188 3281 1248 3324 non
1265 3265 1396 3324 doctrina

238 3367 336 3446 solum
359 3369 413 3428 sod
435 3368 510 3428 liber
531 3384 633 3428 revera
656 3367 772 3427 citetur:
797 3370 881 3428 cuius
903 3368 970 3428 libri
993 3367 1129 3442 quisquis
1152 3375 1196 3426 est
1212 3375 1320 3428 *auctor
1335 3383 1395 3426 me·

237 3471 388 3545 taphysica
422 3471 575 3546 disciplina
610 3472 775 3530 secundum
805 3471 1013 3545 Peripateticos
1045 3470 1211 3544 praeparari
1244 3470 1396 3544 physicam

239 3573 368 3632 ostendit
390 3574 552 3648 eademque
575 3574 688 3633 ratione
716 3574 841 3648 abipso
869 3573 956 3632 eliam
983 3573 1124 3646 magistro
1152 3579 1256 3648 postea
1277 3579 1396 3632 tractata

240 3690 308 3734 esse
329 3675 452 3750 physica
473 3677 640 3749 persuadet.
686 3675 781 3744 Quam
803 3675 969 3734 citationem
992 3675 1017 3734 si
1045 3691 1113 3736 oum
1135 3675 1269 3735 Krischio
1292 3676 1394 3736 credas

238 3785 343 3850 postea
376 3793 443 3836 esse
472 3778 599 3837 additam
626 3811 667 3820 —-
695 3777 762 3838 licet
791 3793 829 3836 ne
857 3776 899 3834 sic
927 3776 1046 3850 quidem
1072 3778 1117 3837 vis
1144 3778 1208 3838 eius
1236 3785 1393 3838 evertatur:

239 3887 380 3954 sequetur
402 3880 481 3938 enim
504 3881 554 3954 hui
577 3897 642 3940 eam
663 3879 928 3940 Alexandrinorum
950 3881 1082 3954 priorum
1103 3888 1197 3940 aetate
1219 3895 1280 3940 non
1294 3895 1395 3940 receu-

238 3982 296 4040 tior
318 3982 475 4056 adscripsit
496 3985 698 4044 auctoritatem
720 3981 938 4042 Aristotelis-
949 3982 1008 4043 iam
1023 4001 1113 4058 quum
1131 3990 1227 4042 tamen
1241 3984 1395 4044 maximam

240 4085 411 4144 citationum
438 4092 550 4159 partem
578 4086 613 4144 ab
636 4085 792 4144 Aristotele
820 4100 887 4144 esse
914 4087 1073 4160 prolectam
1102 4094 1130 4145 et
1156 4093 1277 4161 propter
1303 4087 1394 4161 ipsam

239 4187 351 4261 passim
373 4187 515 4246 enuntiati
538 4195 672 4246 naturam
695 4195 723 4246 et
745 4196 864 4264 propter
886 4203 1073 4248 communem
1094 4188 1189 4262 ipsius
1212 4189 1301 4248 huius
1323 4195 1393 4248 tem·

238 4290 320 4363 poris
353 4305 467 4348 morem
492 4289 523 4348 in
550 4282 747 4350 clausularum
781 4291 907 4352 maxime
936 4308 993 4351 usu
1020 4292 1213 4367 conspicuum
1235 4299 1266 4351 et
1287 4292 1393 4367 Hippo-

240 4391 415 4454 craticorum
453 4392 539 4454 etiam
578 4393 713 4470 exemplo
751 4393 956 4454 confirmatum
988 4395 1212 4456 concedendum
1238 4395 1277 4456 sit
1309 4401 1393 4470 atque
