3072 5164
799 349 840 410 lo

245 526 296 599 24,
312 525 363 586 27.
386 527 511 598 Demetr.
535 525 571 582 de
594 523 666 581 eloe.
690 517 839 592 Τ.111,96
863 517 957 588 Walz)
981 531 1054 590 quas
1077 513 1223 575 20111010
1250 515 1298 587 (nt
1320 512 1395 572 rnalo

245 627 369 687 rerdsse
391 628 483 686 Arahs
507 625 620 686 videtur
642 622 785 682 Graecum
808 613 917 682 10100.
930 608 956 678 κ’
969 649 1011 662 —-
1023 619 1058 678 ci.
1072 618 1164 676 Anon.
1178 617 1252 674 hlen.
1266 633 1291 674 v.
1305 613 1397 674 71-

245 735 318 803 0001
345 735 478 787 recenset
500 726 581 800 Diog.
599 721 628 794 5,
644 720 685 782 27
713 731 781 798 post
802 721 886 795 epist.
915 722 952 780 ad
974 720 1044 779 Phil.
1074 727 1102 778 et
1128 718 1212 792 epist.
1237 718 1397 792 Selymhr.)

244 829 429 890 Andronicus
458 826 599 886 invenlt
630 831 747 898 praeter
778 823 842 882 illas
870 837 944 896 quae
973 822 1004 880 in
1031 822 1105 880 llhro
1128 821 1152 878 V
1174 819 1332 880 Andronici
1360 819 1398 875 de
1462 883 1466 889 ,

246 929 410 989 Aristotelis
433 927 550 1001 seriptis
572 926 795 984 memorantnr”.
840 925 882 982 Ex
904 923 1063 982 Andronici
1089 923 1164 982 lihro
1192 929 1305 980 sumtae
1328 925 1400 978 sunt

247 1030 390 1106 epistolae
412 1031 491 1103 apud
513 1027 638 1088 Gellium
661 1041 720 1084 non
743 1027 839 1084 solum
861 1026 928 1099 (20,
946 1025 991 1099 5),
1014 1024 1168 1083 maniiesto
1190 1023 1256 1080 illae
1279 1021 1398 1096 spuriae

246 1147 339 1206 quum
364 1138 484 1205 tangant
511 1127 708 1204 posteriorum
735 1129 771 1190 de
793 1128 876 1188 lihn's
904 1125 1117 1199 sententiisque
1139 1137 1312 1198 magnorum
1334 1121 1400 1194 phi·
1434 1113 1438 1120 '

246 1234 438 1307 losophorum
460 1229 579 1304 evulgi
600 1229 701 1290 0011110
724 1227 846 1288 seeretis
868 1236 955 1302 atque
970 1227 1088 1286 ineditis
1104 1226 1231 1299 ineptam
1247 1224 1298 1296 (cl.
1311 1222 1400 1281 etiam

245 1334 394 1408 Lyconem
408 1348 454 1406 ap.
471 1333 503 1390 l).
516 1333 548 1390 L.
562 1327 591 1403 5,
604 1327 661 1403 73)
684 1329 863 1404 opinionem,
888 1331 941 1388 sed
963 1329 1048 1388 etiam
1073 1329 1215 1402 quaedam
1231 1326 1260 1384 in
1278 1325 1399 1384 scholiis

247 1433 351 1494 citatae
377 1433 413 1492 01.
437 1447 483 1507 ep.
510 1433 559 1491 Ar.
584 1433 651 1490 Sch.
667 1427 804 1500 26628,
837 1431 892 1489 vita
920 1430 1016 1488 Nunn.
1044 1447 1072 1504 p,
1089 1427 1130 1488 16
1164 1436 1193 1488 01
1225 1443 1261 1486 ex
1295 1428 1399 1485 eodem

248 1515 338 1593 Andr.
351 1549 397 1610 ep.
411 1533 603 1606 Theophrasti
615 1529 824 1591 6010404611
847 1539 877 1590 01
893 1532 1018 1590 sonasse
1035 1530 1121 1590 etiam
1138 1546 1213 1603 quae
1228 1529 1275 1588 his
1293 1528 1400 1587 similia

249 1635 286 1694 de
307 1633 431 1693 Eudemi
459 1634 586 1694 editione
612 1633 878 1708 hletaphpsicorum
905 1633 993 1693 hahet
1018 1633 1134 1705 Asclep.
1159 1632 1225 1691 Sch.
1243 1627 1399 1690 519538.

247 1735 366 1794 Praeter
388 1734 528 1809 epistolas
550 1735 735 1794 Andronicus
759 1742 788 1793 et
809 1736 993 1794 Ptolemaeus
1016 1733 1067 1806 (cf.
1091 1733 1140 1791 vit.
1156 1733 1286 1791 Nunnes.
1304 1749 1332 1805 p.
1343 1729 1399 1803 16)

248 1836 334 1895 etiarn
366 1843 540 1896 testamenta
571 1836 830 1912 Peripateticorum
867 1841 1065 1910 apposuerant
1102 1849 1138 1893 ex
1173 1833 1316 1892 Aristonis
1350 1833 1400 1892 Cei

121 1932 136 1944 '
248 1937 296 2010 (11.
312 1938 344 1996 L.
361 1933 391 2010 5,
409 1937 465 2010 61)
488 1937 613 1997 fortasse
636 1937 912 1996 commentariorum
934 1935 1017 1994 lihris
1040 1934 1129 2008 petita
1151 1942 1180 1993 et
1194 1935 1401 2008 nhHermlppo

248 2052 368 2110 000000
395 2046 555 2096 memorata
577 2038 696 2111 (Athen.
712 2036 764 2108 13,
780 2037 841 2100 589
857 2059 893 2088 ··-=
908 2038 940 2095 Ι).
956 2039 988 2095 L.
1006 2033 1035 2108 5,
1051 2034 1208 2108 13-14),
1237 2052 1311 2110 0000
1333 2045 1403 2110 post

247 2138 374 2212 Lyconis
396 2147 521 2198 mortem
543 2146 577 2198 ut
592 2139 801 2200 diadochorum
817 2139 949 2198 instituta
962 2139 1212 2212 recensionesque
1227 2137 1403 2196 confirment

249 2240 301 2314 (01.
329 2245 396 2298 1001.
424 2239 504 2314 Epic.
533 2239 566 2298 lt.
582 2241 614 2298 L.
638 2238 688 2312 10,
704 2238 754 2300 17.
778 2241 848 2301 ibid.
864 2239 914 2301 18.
952 2240 1081 2299 Platonis
1112 2248 1178 2300 test.
1211 2239 1401 2314 epistolarum

248 2340 313 2400 eius
336 2341 455 2400 ultimae
477 2339 625 2400 simillima
647 2345 706 2416 est)
729 2342 895 2417 conscripta
917 2349 986 2402 sunt
1008 2342 1059 2415 (01.
1083 2341 1113 2400 10
1136 2341 1223 2401 Arist.
1238 2349 1305 2401 test.
1322 2341 1403 2415 qnod

248 2440 410 2516 genuinum
437 2448 519 2516 putat
544 2443 668 2502 Blandis
690 2445 776 2504 Arist.
793 2446 814 2516 l,
831 2442 882 2516 62,
905 2459 950 2518 ap.
975 2444 1006 2501 ll.
1024 2445 1055 2502 L.
1073 2440 1102 2516 5,
1120 2441 1160 2504 13
1183 2445 1233 2502 uhi
1256 2447 1293 2504 de
1314 2444 1402 2519 primi

247 2541 324 2602 filiae
356 2541 452 2601 mariti
481 2544 633 2604 Nicanoris
659 2555 726 2606 ante
752 2562 874 2606 uxorem
908 2553 1001 2604 morte
1027 2543 1403 2621 0160016000657

249 2643 347 2702 animo
369 2643 455 2718 00001
477 2645 679 2720 praesagiente
702 2648 844 2720 caretur).
890 2645 970 2715 Quae
999 2653 1172 2706 testamenta
1197 2647 1308 2721 profert
1334 2649 1403 2708 Dio-

249 2760 341 2819 genes
354 2807 356 2812 ,
369 2759 429 2804 000
455 2753 553 2806 tamen
579 2746 628 2806 ille
655 2749 734 2807 unde
761 2757 791 2808 et
816 2749 888 2806 haec
916 2755 945 2806 et
966 2748 1079 2806 indices
1106 2747 1248 2806 lihrormn
1272 2751 1404 2810 hauserit

250 2847 438 2922 significans,
458 2847 516 2908 nisi
539 2851 618 2924 quod
641 2849 671 2908 10
693 2850 863 2910 universum
887 2864 920 2908 se
942 2849 1049 2908 alicubi
1071 2857 1258 2922 testamenta,
1286 2852 1348 2910 scil.
1372 2853 1403 2911 in

250 2949 392 3024 scriptore
425 2949 538 3023 aliquo,
572 2949 720 3024 reperisse
754 2958 853 3010 monet
887 2939 998 3033 (ἡμεῖς
1024 2941 1215 3030 ἐνετύχομεν
1237 2949 1266 3024 5,
1283 2950 1333 3010 11.
1350 2951 1401 3012 69.

251 3034 346 3133 εὗρον
367 3047 396 3122 5,
413 3045 464 3108 51.
493 3043 654 3131 φέρονται
669 3049 698 3123 5,
715 3050 770 3125 61;
805 3053 907 3110 eadem
934 3053 1058 3111 formula
1084 3069 1158 3112 usus
1185 3053 1295 3112 iontem
1323 3035 1405 3114 addit

249 3148 280 3224 8,
297 3148 338 3210 53
364 3144 428 3232 ἐγώ
455 3141 486 3214 δ’
514 3136 610 3234 εὗρον
637 3146 671 3214 ἐν
697 3153 767 3227 τοῖς
793 3146 1004 3238 Φαβωρίνου,
1032 3155 1177 3214 immerito
1205 3155 1363 3230 castigatus
1386 3173 1405 3216 0

249 3252 405 3313 Brundisio
426 3255 513 3314 Arist
530 3256 542 3314 1
563 3273 591 3330 p.
607 3253 663 3328 813
687 3256 827 3330 epistolas
848 3273 969 3332 000000
983 3258 1228 3332 philosophorum
1243 3257 1308 3317 0100
1323 3257 1405 3317 fonte

253 3353 328 3430 solet
353 3354 461 3414 inferre
492 3357 572 3416 reiut
603 3357 653 3416 uhi
681 3375 786 3417 rursus
814 3359 885 3418 illud
913 3342 1008 3441 εὗρον
1031 3358 1061 3430 1,
1078 3357 1148 3418 112.
1166 3357 1216 3419 63.
1245 3360 1402 3418 ettamen

250 3452 280 3527 7,
297 3453 347 3528 6),
382 3457 474 3518 lihros
501 3473 570 3517 vero
597 3467 717 3534 propter
742 3459 875 3534 ipsorum
904 3469 1115 3534 auctorumque
1142 3460 1349 3535 praestantiam
1372 3476 1406 3520 se

251 3573 407 3619 recensere
434 3569 556 3620 cunctos
572 3562 664 3624 ¹addit
690 3564 791 3621 eadem
820 3563 881 3621 fere
909 3569 937 3621 et
964 3562 994 3620 in
1021 3561 1176 3621 Aristotele
1203 3569 1232 3620 et
1257 3562 1406 3620 1011000-

251 3660 370 3732 phresto
398 3668 441 3722 et·
454 3662 618 3737 Chrysippo
646 3664 731 3738 quasi
759 3664 948 3724 excusatione
974 3679 1050 3722 usus
1071 3661 1116 3737 (5,
1133 3662 1183 3722 21.
1199 3662 1250 3721 42.
1268 3659 1297 3734 7,
1314 3659 1405 3736 189),

251 3767 280 3818 01
301 3759 332 3817 10
354 3762 553 3837 Theophrasto
575 3765 616 3823 ita
638 3767 756 3838 quidem
783 3773 816 3824 01
838 3766 913 3824 01100
936 3763 1100 3839 0101110000
1124 3764 1275 3838 scriptoris
1298 3763 1328 3822 in
1351 3765 1406 3823 hae

252 3875 283 3920 re
309 3865 477 3936 exemplum
503 3865 588 3938 sequi
616 3865 747 3926 videatur
774 3860 847 3938 (καὶ
869 3854 996 3939 αὐτός).
1046 3866 1171 3925 Omnino
1199 3883 1269 3925 vero
1296 3868 1405 3926 multos

250 3962 318 4021 illos
340 3980 416 4038 quos
440 3965 507 4026 citat
529 3975 643 4028 veteres
665 3969 939 4042 Alexandrinosqne
963 3975 1097 4027 auctores
1113 3970 1272 4026 tenendum
1289 3976 1406 4027 001000

251 4064 348 4138 ipsum
371 4066 538 4141 inspexisse
560 4071 721 4145 Diogenem
744 4073 824 4145 quod
846 4069 973 4145 ingentis
997 4069 1163 4144 diligentiae
1179 4069 1284 4128 fuisset
1299 4077 1327 4128 01
1339 4085 1408 4143 per-

250 4166 379 4226 tectioris
402 4183 518 4244 operae,
543 4175 596 4232 sed
618 4173 722 4233 citatos
744 4173 854 4247 legisse
876 4179 963 4245 atque
985 4171 1015 4229 in
1034 4187 1121 4228 suum
1138 4171 1245 4229 librum
1257 4171 1408 4245 recepisse

252 4269 296 4341 (et
319 4269 437 4342 quidem
459 4272 506 4330 vel
528 4273 719 4348 Hermippum
742 4281 770 4332 et
792 4273 1018 4348 Apollodorum)
1046 4287 1081 4330 ex
1104 4271 1140 4330 iis
1164 4289 1239 4346 qnos
1262 4278 1408 4346 perpetuo

252 4370 410 4444 compilare
433 4374 507 4434 solet
530 4375 742 4435 recentioribus
771 4375 963 4448 scriptoribus
990 4373 1037 4432 aix
1060 4373 1216 4434 duodecim
1240 4372 1325 4447 primi
1350 4375 1409 4433 sci-
