<?xml version="1.0" encoding="UTF-8"?>
<!DOCTYPE html PUBLIC "-//W3C//DTD XHTML 1.0 Transitional//EN"
    "http://www.w3.org/TR/xhtml1/DTD/xhtml1-transitional.dtd">
<html xmlns="http://www.w3.org/1999/xhtml" xml:lang="en" lang="en">
 <head>
  <title>
</title>
<meta http-equiv="Content-Type" content="text/html;charset=utf-8" />
  <meta name='ocr-system' content='tesseract 3.04.00' />
  <meta name='ocr-capabilities' content='ocr_page ocr_carea ocr_par ocr_line ocrx_word'/>
</head>
<body>
  <div class='ocr_page' id='page_1' title='image "./dearistotelisli01rosegoog_0128.png"; bbox 0 0 3036 5164; ppageno 0'>
   <div class='ocr_carea' id='block_1_1' title="bbox 681 355 741 416">
    <p class='ocr_par' dir='ltr' id='par_1_1' title="bbox 681 355 741 416">
     <span class='ocr_line' id='line_1_1' title="bbox 681 355 741 416; baseline 0 0"><span class='ocrx_word' id='word_1_1' title='bbox 681 355 741 416; x_wconf 88' lang='grc'><strong>121</strong></span> 
     </span>
    </p>
   </div>
   <div class='ocr_carea' id='block_1_2' title="bbox 129 520 1294 3034">
    <p class='ocr_par' dir='ltr' id='par_1_2' title="bbox 129 520 1294 3034">
     <span class='ocr_line' id='line_1_2' title="bbox 132 520 1289 602; baseline -0.003 -18"><span class='ocrx_word' id='word_1_2' title='bbox 132 525 186 600; x_wconf 91' lang='lat' dir='ltr'><strong>qul</strong></span> <span class='ocrx_word' id='word_1_3' title='bbox 206 527 372 602; x_wconf 80' lang='lat' dir='ltr'><strong>respexerit</strong></span> <span class='ocrx_word' id='word_1_4' title='bbox 392 527 497 602; x_wconf 89' lang='lat' dir='ltr'><strong>ipsum.</strong></span> <span class='ocrx_word' id='word_1_5' title='bbox 511 529 610 587; x_wconf 90' lang='lat' dir='ltr'><strong>locum</strong></span> <span class='ocrx_word' id='word_1_6' title='bbox 622 529 693 602; x_wconf 81' lang='lat' dir='ltr'><strong>Top.</strong></span> <span class='ocrx_word' id='word_1_7' title='bbox 711 525 740 601; x_wconf 91' lang='lat'><strong>1,</strong></span> <span class='ocrx_word' id='word_1_8' title='bbox 757 527 786 588; x_wconf 99' lang='grc'><strong>9.</strong></span> <span class='ocrx_word' id='word_1_9' title='bbox 803 528 839 587; x_wconf 89' lang='grc'><strong>61.</strong></span> <span class='ocrx_word' id='word_1_10' title='bbox 854 526 883 599; x_wconf 94' lang='grc'><strong>1,</strong></span> <span class='ocrx_word' id='word_1_11' title='bbox 900 523 950 586; x_wconf 85' lang='grc'><strong>15.</strong></span> <span class='ocrx_word' id='word_1_12' title='bbox 968 523 1055 586; x_wconf 86' lang='grc'><strong>1061)</strong></span> <span class='ocrx_word' id='word_1_13' title='bbox 1071 523 1112 585; x_wconf 87' lang='grc'><strong>29</strong></span> <span class='ocrx_word' id='word_1_14' title='bbox 1126 521 1252 596; x_wconf 79' lang='lat'><strong>-107,</strong></span> <span class='ocrx_word' id='word_1_15' title='bbox 1268 520 1289 581; x_wconf 89' lang='grc'><strong>2</strong></span> 
     </span>
     <span class='ocr_line' id='line_1_3' title="bbox 134 625 1290 704; baseline -0.003 -18"><span class='ocrx_word' id='word_1_16' title='bbox 134 635 166 686; x_wconf 86' lang='grc'><strong>61</strong></span> <span class='ocrx_word' id='word_1_17' title='bbox 189 628 256 688; x_wconf 90' lang='lat' dir='ltr'><strong>Scb.</strong></span> <span class='ocrx_word' id='word_1_18' title='bbox 280 630 317 687; x_wconf 91' lang='lat' dir='ltr'><strong>ad</strong></span> <span class='ocrx_word' id='word_1_19' title='bbox 331 631 359 687; x_wconf 89' lang='lat' dir='ltr'><strong>b.</strong></span> <span class='ocrx_word' id='word_1_20' title='bbox 384 630 402 688; x_wconf 90' lang='lat' dir='ltr'><strong>l.</strong></span> <span class='ocrx_word' id='word_1_21' title='bbox 446 631 509 688; x_wconf 86' lang='lat' dir='ltr'><strong>lam</strong></span> <span class='ocrx_word' id='word_1_22' title='bbox 536 644 606 688; x_wconf 90' lang='lat' dir='ltr'><strong>vero</strong></span> <span class='ocrx_word' id='word_1_23' title='bbox 636 628 666 687; x_wconf 95' lang='lat' dir='ltr'><strong>in</strong></span> <span class='ocrx_word' id='word_1_24' title='bbox 696 630 744 688; x_wconf 89' lang='lat' dir='ltr'><strong>bis</strong></span> <span class='ocrx_word' id='word_1_25' title='bbox 765 630 839 704; x_wconf 90' lang='lat' dir='ltr'><strong>ipsis</strong></span> <span class='ocrx_word' id='word_1_26' title='bbox 860 627 964 702; x_wconf 78' lang='lat' dir='ltr'><strong>logicis</strong></span> <span class='ocrx_word' id='word_1_27' title='bbox 986 627 1069 686; x_wconf 86' lang='lat' dir='ltr'><strong>libris</strong></span> <span class='ocrx_word' id='word_1_28' title='bbox 1092 635 1121 686; x_wconf 89' lang='lat' dir='ltr'><strong>et</strong></span> <span class='ocrx_word' id='word_1_29' title='bbox 1142 625 1290 686; x_wconf 88' lang='lat' dir='ltr'><strong>scribendi</strong></span> 
     </span>
     <span class='ocr_line' id='line_1_4' title="bbox 130 728 1290 806; baseline 0.002 -20"><span class='ocrx_word' id='word_1_30' title='bbox 130 728 226 789; x_wconf 87' lang='lat' dir='ltr'><strong>initiis</strong></span> <span class='ocrx_word' id='word_1_31' title='bbox 248 763 289 772; x_wconf 82' lang='lat'>—</span> <span class='ocrx_word' id='word_1_32' title='bbox 311 747 387 804; x_wconf 91' lang='lat' dir='ltr'><strong>quae</strong></span> <span class='ocrx_word' id='word_1_33' title='bbox 408 729 528 806; x_wconf 89' lang='lat' dir='ltr'><strong>quidem</strong></span> <span class='ocrx_word' id='word_1_34' title='bbox 550 730 633 788; x_wconf 90' lang='lat' dir='ltr'><strong>initia</strong></span> <span class='ocrx_word' id='word_1_35' title='bbox 658 730 689 789; x_wconf 94' lang='lat' dir='ltr'><strong>in</strong></span> <span class='ocrx_word' id='word_1_36' title='bbox 712 731 776 804; x_wconf 91' lang='lat' dir='ltr'><strong>ipsa</strong></span> <span class='ocrx_word' id='word_1_37' title='bbox 798 731 923 805; x_wconf 88' lang='lat' dir='ltr'><strong>quadam</strong></span> <span class='ocrx_word' id='word_1_38' title='bbox 945 730 1119 802; x_wconf 88' lang='lat' dir='ltr'><strong>Topicorum</strong></span> <span class='ocrx_word' id='word_1_39' title='bbox 1145 743 1290 802; x_wconf 77' lang='lat' dir='ltr'><strong>agnoscas</strong></span> 
     </span>
     <span class='ocr_line' id='line_1_5' title="bbox 129 829 1290 906; baseline -0.002 -17"><span class='ocrx_word' id='word_1_40' title='bbox 129 831 308 904; x_wconf 79' lang='lat' dir='ltr'>prolixitate,</span> <span class='ocrx_word' id='word_1_41' title='bbox 331 833 399 892; x_wconf 91' lang='lat' dir='ltr'><strong>licet</strong></span> <span class='ocrx_word' id='word_1_42' title='bbox 421 849 488 892; x_wconf 90' lang='lat' dir='ltr'><strong>cum</strong></span> <span class='ocrx_word' id='word_1_43' title='bbox 510 831 609 906; x_wconf 89' lang='lat' dir='ltr'><strong>operis</strong></span> <span class='ocrx_word' id='word_1_44' title='bbox 632 832 721 891; x_wconf 91' lang='lat' dir='ltr'><strong>huius</strong></span> <span class='ocrx_word' id='word_1_45' title='bbox 745 839 773 890; x_wconf 89' lang='lat' dir='ltr'><strong>et</strong></span> <span class='ocrx_word' id='word_1_46' title='bbox 787 831 886 890; x_wconf 91' lang='lat' dir='ltr'><strong>indole</strong></span> <span class='ocrx_word' id='word_1_47' title='bbox 899 829 1290 904; x_wconf 82' lang='lat' dir='ltr'><strong>universapraeceptivaque</strong></span> 
     </span>
     <span class='ocr_line' id='line_1_6' title="bbox 132 931 1290 1007; baseline -0.003 -16"><span class='ocrx_word' id='word_1_48' title='bbox 132 931 251 1005; x_wconf 89' lang='lat' dir='ltr'><strong>etipsa</strong></span> <span class='ocrx_word' id='word_1_49' title='bbox 278 931 343 992; x_wconf 89' lang='lat' dir='ltr'><strong>elus</strong></span> <span class='ocrx_word' id='word_1_50' title='bbox 370 933 498 992; x_wconf 81' lang='lat' dir='ltr'><strong>novitate</strong></span> <span class='ocrx_word' id='word_1_51' title='bbox 525 933 695 1006; x_wconf 89' lang='lat' dir='ltr'><strong>coniuncta,</strong></span> <span class='ocrx_word' id='word_1_52' title='bbox 727 949 813 1007; x_wconf 85' lang='lat' dir='ltr'><strong>qnam</strong></span> <span class='ocrx_word' id='word_1_53' title='bbox 841 931 987 990; x_wconf 91' lang='lat' dir='ltr'><strong>modestia</strong></span> <span class='ocrx_word' id='word_1_54' title='bbox 1008 933 1132 1005; x_wconf 89' lang='lat' dir='ltr'><strong>quadam</strong></span> <span class='ocrx_word' id='word_1_55' title='bbox 1155 931 1185 989; x_wconf 93' lang='lat' dir='ltr'><strong>in</strong></span> <span class='ocrx_word' id='word_1_56' title='bbox 1208 932 1290 989; x_wconf 91' lang='lat' dir='ltr'><strong>nullo</strong></span> 
     </span>
     <span class='ocr_line' id='line_1_7' title="bbox 132 1031 1290 1108; baseline -0.001 -17"><span class='ocrx_word' id='word_1_57' title='bbox 132 1033 192 1092; x_wconf 85' lang='lat' dir='ltr'><strong>alio</strong></span> <span class='ocrx_word' id='word_1_58' title='bbox 215 1041 318 1108; x_wconf 89' lang='lat' dir='ltr'><strong>postea</strong></span> <span class='ocrx_word' id='word_1_59' title='bbox 339 1034 414 1094; x_wconf 88' lang='lat' dir='ltr'><strong>libro</strong></span> <span class='ocrx_word' id='word_1_60' title='bbox 438 1033 598 1108; x_wconf 92' lang='lat' dir='ltr'><strong>conspicua</strong></span> <span class='ocrx_word' id='word_1_61' title='bbox 624 1035 661 1092; x_wconf 91' lang='lat' dir='ltr'><strong>ad</strong></span> <span class='ocrx_word' id='word_1_62' title='bbox 683 1035 809 1093; x_wconf 87' lang='lat' dir='ltr'><strong>lectores</strong></span> <span class='ocrx_word' id='word_1_63' title='bbox 837 1034 913 1105; x_wconf 90' lang='lat' dir='ltr'><strong>(non</strong></span> <span class='ocrx_word' id='word_1_64' title='bbox 936 1031 1099 1105; x_wconf 81' lang='lat' dir='ltr'><strong>auditores,</strong></span> <span class='ocrx_word' id='word_1_65' title='bbox 1127 1047 1202 1107; x_wconf 89' lang='lat' dir='ltr'><strong>qnos</strong></span> <span class='ocrx_word' id='word_1_66' title='bbox 1225 1031 1290 1106; x_wconf 92' lang='lat' dir='ltr'><strong>ipse</strong></span> 
     </span>
     <span class='ocr_line' id='line_1_8' title="bbox 132 1123 1290 1212; baseline -0.001 -21"><span class='ocrx_word' id='word_1_67' title='bbox 132 1135 171 1192; x_wconf 91' lang='lat' dir='ltr'><strong>ab</strong></span> <span class='ocrx_word' id='word_1_68' title='bbox 194 1133 252 1194; x_wconf 93' lang='lat' dir='ltr'><strong>illis</strong></span> <span class='ocrx_word' id='word_1_69' title='bbox 274 1123 350 1212; x_wconf 75' lang='grc' dir='ltr'><strong>ὑμῖν</strong></span> <span class='ocrx_word' id='word_1_70' title='bbox 372 1135 525 1209; x_wconf 80' lang='lat' dir='ltr'><strong>distinguit</strong></span> <span class='ocrx_word' id='word_1_71' title='bbox 546 1135 700 1194; x_wconf 85' lang='lat' dir='ltr'><strong>audientes</strong></span> <span class='ocrx_word' id='word_1_72' title='bbox 723 1135 797 1206; x_wconf 87' lang='lat' dir='ltr'><strong>scil,</strong></span> <span class='ocrx_word' id='word_1_73' title='bbox 820 1141 852 1192; x_wconf 91' lang='lat' dir='ltr'><strong>nt</strong></span> <span class='ocrx_word' id='word_1_74' title='bbox 873 1135 935 1192; x_wconf 85' lang='lat' dir='ltr'><strong>lere</strong></span> <span class='ocrx_word' id='word_1_75' title='bbox 957 1133 1135 1192; x_wconf 86' lang='lat' dir='ltr'><strong>Graecorum</strong></span> <span class='ocrx_word' id='word_1_76' title='bbox 1157 1139 1290 1191; x_wconf 86' lang='lat' dir='ltr'><strong>veterum</strong></span> 
     </span>
     <span class='ocr_line' id='line_1_9' title="bbox 131 1234 1292 1311; baseline -0.003 -17"><span class='ocrx_word' id='word_1_77' title='bbox 131 1242 164 1294; x_wconf 87' lang='lat' dir='ltr'><strong>et</strong></span> <span class='ocrx_word' id='word_1_78' title='bbox 186 1236 385 1310; x_wconf 78' lang='lat' dir='ltr'><strong>sophistarum</strong></span> <span class='ocrx_word' id='word_1_79' title='bbox 407 1237 437 1295; x_wconf 94' lang='lat' dir='ltr'><strong>in</strong></span> <span class='ocrx_word' id='word_1_80' title='bbox 460 1237 570 1296; x_wconf 83' lang='lat' dir='ltr'><strong>scholis</strong></span> <span class='ocrx_word' id='word_1_81' title='bbox 597 1252 664 1296; x_wconf 89' lang='lat' dir='ltr'><strong>mos</strong></span> <span class='ocrx_word' id='word_1_82' title='bbox 687 1244 748 1296; x_wconf 89' lang='lat' dir='ltr'><strong>erat</strong></span> <span class='ocrx_word' id='word_1_83' title='bbox 775 1235 890 1294; x_wconf 84' lang='lat' dir='ltr'><strong>libros</strong></span> <span class='ocrx_word' id='word_1_84' title='bbox 917 1235 1142 1311; x_wconf 86' lang='lat' dir='ltr'><strong>perscriptos</strong></span> <span class='ocrx_word' id='word_1_85' title='bbox 1170 1240 1203 1292; x_wconf 89' lang='lat' dir='ltr'><strong>et</strong></span> <span class='ocrx_word' id='word_1_86' title='bbox 1229 1234 1292 1291; x_wconf 87' lang='lat' dir='ltr'><strong>ab·</strong></span> 
     </span>
     <span class='ocr_line' id='line_1_10' title="bbox 133 1334 1290 1414; baseline -0.002 -18"><span class='ocrx_word' id='word_1_87' title='bbox 133 1339 280 1397; x_wconf 88' lang='lat' dir='ltr'><strong>solutos</strong></span> <span class='ocrx_word' id='word_1_88' title='bbox 308 1339 509 1414; x_wconf 89' lang='lat' dir='ltr'><strong>praelegendi,</strong></span> <span class='ocrx_word' id='word_1_89' title='bbox 532 1337 598 1397; x_wconf 91' lang='lat' dir='ltr'><strong>aliis</strong></span> <span class='ocrx_word' id='word_1_90' title='bbox 620 1337 802 1414; x_wconf 86' lang='lat' dir='ltr'><strong>legentibus)</strong></span> <span class='ocrx_word' id='word_1_91' title='bbox 831 1353 992 1396; x_wconf 88' lang='lat' dir='ltr'><strong>conversus</strong></span> <span class='ocrx_word' id='word_1_92' title='bbox 1020 1337 1085 1412; x_wconf 90' lang='lat' dir='ltr'><strong>ipse</strong></span> <span class='ocrx_word' id='word_1_93' title='bbox 1111 1343 1232 1395; x_wconf 88' lang='lat' dir='ltr'><strong>excusat</strong></span> <span class='ocrx_word' id='word_1_94' title='bbox 1259 1334 1290 1394; x_wconf 93' lang='lat' dir='ltr'><strong>in</strong></span> 
     </span>
     <span class='ocr_line' id='line_1_11' title="bbox 133 1437 1292 1515; baseline -0.003 -17"><span class='ocrx_word' id='word_1_95' title='bbox 133 1438 252 1514; x_wconf 78' lang='lat' dir='ltr'><strong>epilogo</strong></span> <span class='ocrx_word' id='word_1_96' title='bbox 275 1471 326 1513; x_wconf 86' lang='lat'><strong>—-,</strong></span> <span class='ocrx_word' id='word_1_97' title='bbox 355 1448 383 1500; x_wconf 91' lang='lat' dir='ltr'><strong>et</strong></span> <span class='ocrx_word' id='word_1_98' title='bbox 405 1440 436 1499; x_wconf 91' lang='lat' dir='ltr'><strong>in</strong></span> <span class='ocrx_word' id='word_1_99' title='bbox 457 1440 674 1515; x_wconf 78' lang='lat' dir='ltr'><strong>Analpticorum</strong></span> <span class='ocrx_word' id='word_1_100' title='bbox 701 1439 787 1498; x_wconf 89' lang='lat' dir='ltr'><strong>etiam</strong></span> <span class='ocrx_word' id='word_1_101' title='bbox 810 1439 1024 1514; x_wconf 83' lang='lat' dir='ltr'><strong>compositione</strong></span> <span class='ocrx_word' id='word_1_102' title='bbox 1046 1453 1107 1496; x_wconf 95' lang='lat' dir='ltr'><strong>non</strong></span> <span class='ocrx_word' id='word_1_103' title='bbox 1129 1437 1202 1496; x_wconf 91' lang='lat' dir='ltr'><strong>satis</strong></span> <span class='ocrx_word' id='word_1_104' title='bbox 1224 1451 1292 1511; x_wconf 88' lang='lat' dir='ltr'><strong>per·</strong></span> 
     </span>
     <span class='ocr_line' id='line_1_12' title="bbox 132 1537 1292 1616; baseline -0.003 -17"><span class='ocrx_word' id='word_1_105' title='bbox 132 1539 211 1600; x_wconf 88' lang='lat' dir='ltr'><strong>lecta</strong></span> <span class='ocrx_word' id='word_1_106' title='bbox 236 1557 333 1616; x_wconf 87' lang='lat' dir='ltr'><strong>neque</strong></span> <span class='ocrx_word' id='word_1_107' title='bbox 360 1543 498 1602; x_wconf 89' lang='lat' dir='ltr'><strong>omnibns</strong></span> <span class='ocrx_word' id='word_1_108' title='bbox 524 1542 656 1600; x_wconf 80' lang='lat' dir='ltr'><strong>numeris</strong></span> <span class='ocrx_word' id='word_1_109' title='bbox 680 1541 829 1614; x_wconf 86' lang='lat' dir='ltr'><strong>absoluta,</strong></span> <span class='ocrx_word' id='word_1_110' title='bbox 852 1540 965 1616; x_wconf 86' lang='lat' dir='ltr'><strong>integra</strong></span> <span class='ocrx_word' id='word_1_111' title='bbox 986 1547 1148 1598; x_wconf 77' lang='grc'><strong>1661611-</strong></span> <span class='ocrx_word' id='word_1_112' title='bbox 1170 1537 1292 1596; x_wconf 87' lang='lat' dir='ltr'><strong>minime</strong></span> 
     </span>
     <span class='ocr_line' id='line_1_13' title="bbox 132 1641 1291 1718; baseline -0.003 -17"><span class='ocrx_word' id='word_1_113' title='bbox 132 1641 214 1702; x_wconf 88' lang='lat' dir='ltr'><strong>enim</strong></span> <span class='ocrx_word' id='word_1_114' title='bbox 237 1643 417 1703; x_wconf 90' lang='lat' dir='ltr'><strong>credendum</strong></span> <span class='ocrx_word' id='word_1_115' title='bbox 439 1645 476 1703; x_wconf 90' lang='lat' dir='ltr'><strong>iis</strong></span> <span class='ocrx_word' id='word_1_116' title='bbox 503 1643 553 1718; x_wconf 92' lang='lat' dir='ltr'><strong>qui</strong></span> <span class='ocrx_word' id='word_1_117' title='bbox 583 1645 655 1702; x_wconf 88' lang='lat' dir='ltr'><strong>baec</strong></span> <span class='ocrx_word' id='word_1_118' title='bbox 682 1658 780 1717; x_wconf 89' lang='lat' dir='ltr'><strong>neque</strong></span> <span class='ocrx_word' id='word_1_119' title='bbox 802 1643 839 1702; x_wconf 92' lang='lat' dir='ltr'><strong>ab</strong></span> <span class='ocrx_word' id='word_1_120' title='bbox 860 1641 1017 1701; x_wconf 77' lang='lat' dir='ltr'><strong>Aristotele</strong></span> <span class='ocrx_word' id='word_1_121' title='bbox 1044 1641 1172 1714; x_wconf 83' lang='lat' dir='ltr'><strong>perlecta</strong></span> <span class='ocrx_word' id='word_1_122' title='bbox 1193 1653 1291 1713; x_wconf 88' lang='lat' dir='ltr'><strong>neque</strong></span> 
     </span>
     <span class='ocr_line' id='line_1_14' title="bbox 134 1733 1292 1818; baseline -0.003 -17"><span class='ocrx_word' id='word_1_123' title='bbox 134 1743 214 1803; x_wconf 85' lang='lat' dir='ltr'><strong>edita</strong></span> <span class='ocrx_word' id='word_1_124' title='bbox 236 1759 304 1804; x_wconf 88' lang='lat' dir='ltr'><strong>esse</strong></span> <span class='ocrx_word' id='word_1_125' title='bbox 332 1752 382 1804; x_wconf 87' lang='lat' dir='ltr'><strong>aut</strong></span> <span class='ocrx_word' id='word_1_126' title='bbox 404 1747 441 1806; x_wconf 88' lang='lat' dir='ltr'><strong>ab</strong></span> <span class='ocrx_word' id='word_1_127' title='bbox 468 1745 533 1805; x_wconf 88' lang='lat' dir='ltr'><strong>aliis</strong></span> <span class='ocrx_word' id='word_1_128' title='bbox 560 1751 662 1818; x_wconf 88' lang='lat' dir='ltr'><strong>postea</strong></span> <span class='ocrx_word' id='word_1_129' title='bbox 689 1743 803 1818; x_wconf 90' lang='lat' dir='ltr'><strong>magnis</strong></span> <span class='ocrx_word' id='word_1_130' title='bbox 826 1743 900 1802; x_wconf 88' lang='lat' dir='ltr'><strong>locis</strong></span> <span class='ocrx_word' id='word_1_131' title='bbox 926 1733 1098 1816; x_wconf 86' lang='lat' dir='ltr'><strong>interpolata</strong></span> <span class='ocrx_word' id='word_1_132' title='bbox 1121 1757 1194 1808; x_wconf 85' lang='lat' dir='ltr'><strong>¹esse</strong></span> <span class='ocrx_word' id='word_1_133' title='bbox 1221 1755 1292 1798; x_wconf 90' lang='lat' dir='ltr'><strong>con·</strong></span> 
     </span>
     <span class='ocr_line' id='line_1_15' title="bbox 132 1839 1288 1920; baseline -0.003 -16"><span class='ocrx_word' id='word_1_134' title='bbox 132 1847 261 1906; x_wconf 88' lang='lat' dir='ltr'><strong>tendunt</strong></span> <span class='ocrx_word' id='word_1_135' title='bbox 292 1847 344 1919; x_wconf 88' lang='grc'><strong>(61.</strong></span> <span class='ocrx_word' id='word_1_136' title='bbox 367 1847 492 1906; x_wconf 85' lang='lat' dir='ltr'><strong>Brendis</strong></span> <span class='ocrx_word' id='word_1_137' title='bbox 515 1846 552 1904; x_wconf 93' lang='lat' dir='ltr'><strong>de</strong></span> <span class='ocrx_word' id='word_1_138' title='bbox 575 1845 689 1920; x_wconf 77' lang='lat' dir='ltr'><strong>Analyt.</strong></span> <span class='ocrx_word' id='word_1_139' title='bbox 712 1843 846 1902; x_wconf 87' lang='lat' dir='ltr'><strong>iudicans</strong></span> <span class='ocrx_word' id='word_1_140' title='bbox 867 1844 954 1902; x_wconf 81' lang='lat' dir='ltr'><strong>Arist.</strong></span> <span class='ocrx_word' id='word_1_141' title='bbox 977 1839 1007 1914; x_wconf 94' lang='lat'><strong>1,</strong></span> <span class='ocrx_word' id='word_1_142' title='bbox 1028 1840 1100 1900; x_wconf 90' lang='grc'><strong>112.</strong></span> <span class='ocrx_word' id='word_1_143' title='bbox 1122 1839 1193 1903; x_wconf 86' lang='grc'><strong>155.</strong></span> <span class='ocrx_word' id='word_1_144' title='bbox 1214 1842 1288 1902; x_wconf 84' lang='grc'><strong>224.</strong></span> 
     </span>
     <span class='ocr_line' id='line_1_16' title="bbox 133 1941 1291 2022; baseline -0.002 -15"><span class='ocrx_word' id='word_1_145' title='bbox 133 1945 209 2007; x_wconf 89' lang='grc'><strong>226.</strong></span> <span class='ocrx_word' id='word_1_146' title='bbox 225 1944 284 2008; x_wconf 88' lang='grc'><strong>281</strong></span> <span class='ocrx_word' id='word_1_147' title='bbox 310 1955 339 2007; x_wconf 86' lang='grc'><strong>61</strong></span> <span class='ocrx_word' id='word_1_148' title='bbox 361 1947 530 2022; x_wconf 84' lang='lat' dir='ltr'><strong>Gumposcb</strong></span> <span class='ocrx_word' id='word_1_149' title='bbox 554 1949 590 2006; x_wconf 92' lang='lat' dir='ltr'><strong>de</strong></span> <span class='ocrx_word' id='word_1_150' title='bbox 612 1945 739 2020; x_wconf 82' lang='lat' dir='ltr'><strong>Topicis,</strong></span> <span class='ocrx_word' id='word_1_151' title='bbox 763 1947 860 2020; x_wconf 90' lang='lat' dir='ltr'><strong>deque</strong></span> <span class='ocrx_word' id='word_1_152' title='bbox 881 1943 1047 2004; x_wconf 83' lang='lat' dir='ltr'><strong>Rhetoricis</strong></span> <span class='ocrx_word' id='word_1_153' title='bbox 1063 1943 1113 2002; x_wconf 93' lang='lat' dir='ltr'><strong>nbi</strong></span> <span class='ocrx_word' id='word_1_154' title='bbox 1128 1941 1291 2017; x_wconf 70' lang='grc'><strong>6111561</strong></span> 
     </span>
     <span class='ocr_line' id='line_1_17' title="bbox 134 2045 1290 2124; baseline -0.003 -16"><span class='ocrx_word' id='word_1_155' title='bbox 134 2050 264 2110; x_wconf 89' lang='lat' dir='ltr'><strong>Poetiois</strong></span> <span class='ocrx_word' id='word_1_156' title='bbox 286 2048 413 2124; x_wconf 82' lang='lat' dir='ltr'><strong>Spengel</strong></span> <span class='ocrx_word' id='word_1_157' title='bbox 436 2049 469 2108; x_wconf 87' lang='lat' dir='ltr'><strong>G.</strong></span> <span class='ocrx_word' id='word_1_158' title='bbox 490 2049 648 2120; x_wconf 83' lang='lat' dir='ltr'><strong>Hermann,</strong></span> <span class='ocrx_word' id='word_1_159' title='bbox 671 2047 806 2106; x_wconf 85' lang='lat' dir='ltr'><strong>Micbelet</strong></span> <span class='ocrx_word' id='word_1_160' title='bbox 827 2049 864 2107; x_wconf 95' lang='lat' dir='ltr'><strong>de</strong></span> <span class='ocrx_word' id='word_1_161' title='bbox 886 2045 994 2104; x_wconf 83' lang='lat' dir='ltr'><strong>Etbicis</strong></span> <span class='ocrx_word' id='word_1_162' title='bbox 1018 2047 1114 2118; x_wconf 88' lang='lat' dir='ltr'><strong>deque</strong></span> <span class='ocrx_word' id='word_1_163' title='bbox 1136 2045 1201 2104; x_wconf 89' lang='lat' dir='ltr'><strong>aliis</strong></span> <span class='ocrx_word' id='word_1_164' title='bbox 1216 2047 1290 2121; x_wconf 85' lang='lat' dir='ltr'><strong>alii),</strong></span> 
     </span>
     <span class='ocr_line' id='line_1_18' title="bbox 133 2145 1291 2222; baseline -0.003 -12"><span class='ocrx_word' id='word_1_165' title='bbox 133 2151 250 2211; x_wconf 86' lang='lat' dir='ltr'><strong>ratione</strong></span> <span class='ocrx_word' id='word_1_166' title='bbox 272 2151 341 2210; x_wconf 90' lang='lat' dir='ltr'><strong>buic</strong></span> <span class='ocrx_word' id='word_1_167' title='bbox 361 2150 448 2210; x_wconf 88' lang='lat' dir='ltr'><strong>aetati</strong></span> <span class='ocrx_word' id='word_1_168' title='bbox 471 2149 591 2210; x_wconf 92' lang='lat' dir='ltr'><strong>omnino</strong></span> <span class='ocrx_word' id='word_1_169' title='bbox 613 2165 673 2208; x_wconf 92' lang='lat' dir='ltr'><strong>non</strong></span> <span class='ocrx_word' id='word_1_170' title='bbox 694 2153 762 2222; x_wconf 90' lang='lat' dir='ltr'><strong>apta</strong></span> <span class='ocrx_word' id='word_1_171' title='bbox 783 2145 1291 2222; x_wconf 86' lang='lat' dir='ltr'><strong>etprorsusnoviciaetreiicieuds,</strong></span> 
     </span>
     <span class='ocr_line' id='line_1_19' title="bbox 132 2247 1292 2326; baseline -0.003 -14"><span class='ocrx_word' id='word_1_172' title='bbox 132 2254 376 2326; x_wconf 73' lang='lat' dir='ltr'><strong>coeuntibusque</strong></span> <span class='ocrx_word' id='word_1_173' title='bbox 398 2251 592 2326; x_wconf 89' lang='lat' dir='ltr'><strong>relinquenda</strong></span> <span class='ocrx_word' id='word_1_174' title='bbox 618 2250 726 2324; x_wconf 90' lang='lat' dir='ltr'><strong>quibus</strong></span> <span class='ocrx_word' id='word_1_175' title='bbox 753 2249 883 2308; x_wconf 84' lang='lat' dir='ltr'><strong>seribere</strong></span> <span class='ocrx_word' id='word_1_176' title='bbox 911 2255 957 2306; x_wconf 91' lang='lat' dir='ltr'><strong>est</strong></span> <span class='ocrx_word' id='word_1_177' title='bbox 988 2247 1086 2306; x_wconf 88' lang='lat' dir='ltr'><strong>vivere</strong></span> <span class='ocrx_word' id='word_1_178' title='bbox 1118 2255 1147 2307; x_wconf 90' lang='lat' dir='ltr'><strong>et</strong></span> <span class='ocrx_word' id='word_1_179' title='bbox 1169 2248 1292 2308; x_wconf 87' lang='lat' dir='ltr'><strong>doctiori</strong></span> 
     </span>
     <span class='ocr_line' id='line_1_20' title="bbox 133 2348 1293 2429; baseline -0.003 -15"><span class='ocrx_word' id='word_1_180' title='bbox 133 2355 224 2416; x_wconf 79' lang='lat' dir='ltr'><strong>aetati</strong></span> <span class='ocrx_word' id='word_1_181' title='bbox 246 2370 336 2429; x_wconf 89' lang='lat' dir='ltr'><strong>opera</strong></span> <span class='ocrx_word' id='word_1_182' title='bbox 361 2358 497 2426; x_wconf 90' lang='lat' dir='ltr'><strong>postuma</strong></span> <span class='ocrx_word' id='word_1_183' title='bbox 525 2352 629 2412; x_wconf 79' lang='lat' dir='ltr'><strong>terenti</strong></span> <span class='ocrx_word' id='word_1_184' title='bbox 656 2359 685 2411; x_wconf 91' lang='lat' dir='ltr'><strong>et</strong></span> <span class='ocrx_word' id='word_1_185' title='bbox 710 2350 814 2428; x_wconf 88' lang='lat' dir='ltr'><strong>primis</strong></span> <span class='ocrx_word' id='word_1_186' title='bbox 841 2365 929 2424; x_wconf 91' lang='lat' dir='ltr'><strong>saepe</strong></span> <span class='ocrx_word' id='word_1_187' title='bbox 956 2349 1043 2408; x_wconf 89' lang='lat' dir='ltr'><strong>lineis</strong></span> <span class='ocrx_word' id='word_1_188' title='bbox 1070 2348 1240 2409; x_wconf 89' lang='lat' dir='ltr'><strong>adumbrata</strong></span> <span class='ocrx_word' id='word_1_189' title='bbox 1264 2359 1293 2410; x_wconf 87' lang='lat' dir='ltr'><strong>et</strong></span> 
     </span>
     <span class='ocr_line' id='line_1_21' title="bbox 133 2450 1292 2530; baseline -0.004 -14"><span class='ocrx_word' id='word_1_190' title='bbox 133 2473 176 2516; x_wconf 84' lang='lat' dir='ltr'><strong>ex</strong></span> <span class='ocrx_word' id='word_1_191' title='bbox 196 2453 443 2530; x_wconf 86' lang='lat' dir='ltr'><strong>praelectionibus</strong></span> <span class='ocrx_word' id='word_1_192' title='bbox 471 2454 665 2513; x_wconf 89' lang='lat' dir='ltr'><strong>erubescente</strong></span> <span class='ocrx_word' id='word_1_193' title='bbox 692 2453 776 2512; x_wconf 82' lang='lat' dir='ltr'><strong>Musa</strong></span> <span class='ocrx_word' id='word_1_194' title='bbox 804 2451 1016 2523; x_wconf 87' lang='lat' dir='ltr'><strong>consarcinata,</strong></span> <span class='ocrx_word' id='word_1_195' title='bbox 1039 2481 1081 2490; x_wconf 88' lang='lat'><em>—</em></span> <span class='ocrx_word' id='word_1_196' title='bbox 1108 2450 1165 2508; x_wconf 85' lang='lat' dir='ltr'><strong>iam</strong></span> <span class='ocrx_word' id='word_1_197' title='bbox 1191 2451 1221 2510; x_wconf 93' lang='lat' dir='ltr'><strong>in</strong></span> <span class='ocrx_word' id='word_1_198' title='bbox 1244 2453 1292 2512; x_wconf 89' lang='lat' dir='ltr'><strong>bis</strong></span> 
     </span>
     <span class='ocr_line' id='line_1_22' title="bbox 132 2549 1292 2633; baseline -0.003 -16"><span class='ocrx_word' id='word_1_199' title='bbox 132 2557 228 2633; x_wconf 86' lang='lat' dir='ltr'><strong>igitur</strong></span> <span class='ocrx_word' id='word_1_200' title='bbox 252 2556 356 2631; x_wconf 89' lang='lat' dir='ltr'><strong>logicis</strong></span> <span class='ocrx_word' id='word_1_201' title='bbox 386 2564 419 2616; x_wconf 93' lang='lat' dir='ltr'><strong>ut</strong></span> <span class='ocrx_word' id='word_1_202' title='bbox 446 2555 477 2614; x_wconf 93' lang='lat' dir='ltr'><strong>in</strong></span> <span class='ocrx_word' id='word_1_203' title='bbox 502 2555 607 2614; x_wconf 80' lang='lat' dir='ltr'><strong>ceteris</strong></span> <span class='ocrx_word' id='word_1_204' title='bbox 639 2555 776 2614; x_wconf 89' lang='lat' dir='ltr'><strong>omnibus</strong></span> <span class='ocrx_word' id='word_1_205' title='bbox 808 2561 908 2628; x_wconf 88' lang='lat' dir='ltr'><strong>aperto</strong></span> <span class='ocrx_word' id='word_1_206' title='bbox 935 2549 1094 2610; x_wconf 80' lang='grc'><strong>6611116166</strong></span> <span class='ocrx_word' id='word_1_207' title='bbox 1119 2552 1292 2627; x_wconf 88' lang='lat' dir='ltr'><strong>magistmm</strong></span> 
     </span>
     <span class='ocr_line' id='line_1_23' title="bbox 134 2651 1293 2736; baseline -0.004 -16"><span class='ocrx_word' id='word_1_208' title='bbox 134 2665 290 2736; x_wconf 87' lang='lat' dir='ltr'><strong>oppugnat</strong></span> <span class='ocrx_word' id='word_1_209' title='bbox 311 2659 363 2732; x_wconf 89' lang='lat' dir='ltr'><strong>(ci.</strong></span> <span class='ocrx_word' id='word_1_210' title='bbox 386 2657 468 2718; x_wconf 83' lang='lat' dir='ltr'><strong>Anal.</strong></span> <span class='ocrx_word' id='word_1_211' title='bbox 492 2652 714 2731; x_wconf 70' lang='grc'><strong>61131616.</strong></span> <span class='ocrx_word' id='word_1_212' title='bbox 744 2662 772 2713; x_wconf 85' lang='grc'><strong>61</strong></span> <span class='ocrx_word' id='word_1_213' title='bbox 794 2655 845 2714; x_wconf 92' lang='lat' dir='ltr'><strong>ubi</strong></span> <span class='ocrx_word' id='word_1_214' title='bbox 873 2655 938 2728; x_wconf 90' lang='lat' dir='ltr'><strong>ipse</strong></span> <span class='ocrx_word' id='word_1_215' title='bbox 965 2653 1045 2712; x_wconf 82' lang='lat' dir='ltr'><strong>Plato</strong></span> <span class='ocrx_word' id='word_1_216' title='bbox 1072 2651 1198 2727; x_wconf 88' lang='lat' dir='ltr'><strong>eiusque</strong></span> <span class='ocrx_word' id='word_1_217' title='bbox 1219 2655 1293 2715; x_wconf 87' lang='lat' dir='ltr'><strong>deli·</strong></span> 
     </span>
     <span class='ocr_line' id='line_1_24' title="bbox 133 2751 1293 2833; baseline -0.008 -9"><span class='ocrx_word' id='word_1_218' title='bbox 133 2761 267 2824; x_wconf 81' lang='lat' dir='ltr'><strong>ultiones</strong></span> <span class='ocrx_word' id='word_1_219' title='bbox 290 2760 416 2820; x_wconf 84' lang='lat' dir='ltr'><strong>citamur</strong></span> <span class='ocrx_word' id='word_1_220' title='bbox 436 2760 507 2833; x_wconf 85' lang='lat' dir='ltr'><strong>Top.</strong></span> <span class='ocrx_word' id='word_1_221' title='bbox 523 2758 555 2830; x_wconf 84' lang='lat'><strong>4,</strong></span> <span class='ocrx_word' id='word_1_222' title='bbox 567 2756 597 2816; x_wconf 92' lang='grc'><strong>2.</strong></span> <span class='ocrx_word' id='word_1_223' title='bbox 613 2755 643 2829; x_wconf 91' lang='grc'><strong>6,</strong></span> <span class='ocrx_word' id='word_1_224' title='bbox 660 2756 689 2815; x_wconf 87' lang='grc'><strong>2.</strong></span> <span class='ocrx_word' id='word_1_225' title='bbox 705 2752 735 2816; x_wconf 87' lang='grc'><strong>3.</strong></span> <span class='ocrx_word' id='word_1_226' title='bbox 751 2755 807 2817; x_wconf 88' lang='lat'><strong>10:</strong></span> <span class='ocrx_word' id='word_1_227' title='bbox 831 2771 891 2814; x_wconf 91' lang='lat' dir='ltr'><strong>non</strong></span> <span class='ocrx_word' id='word_1_228' title='bbox 913 2751 1158 2826; x_wconf 66' lang='lat' dir='ltr'><strong>anianense</strong></span> <span class='ocrx_word' id='word_1_229' title='bbox 1180 2757 1217 2814; x_wconf 92' lang='lat' dir='ltr'><strong>de</strong></span> <span class='ocrx_word' id='word_1_230' title='bbox 1228 2755 1293 2815; x_wconf 88' lang='lat' dir='ltr'><strong>Pla-</strong></span> 
     </span>
     <span class='ocr_line' id='line_1_25' title="bbox 134 2854 1294 2936; baseline -0.005 -12"><span class='ocrx_word' id='word_1_231' title='bbox 134 2873 209 2924; x_wconf 89' lang='lat' dir='ltr'><strong>tone</strong></span> <span class='ocrx_word' id='word_1_232' title='bbox 230 2863 343 2924; x_wconf 87' lang='lat' dir='ltr'><strong>comico</strong></span> <span class='ocrx_word' id='word_1_233' title='bbox 367 2860 554 2936; x_wconf 87' lang='lat' dir='ltr'><strong>cogitandum</strong></span> <span class='ocrx_word' id='word_1_234' title='bbox 576 2874 645 2918; x_wconf 91' lang='lat' dir='ltr'><strong>esse</strong></span> <span class='ocrx_word' id='word_1_235' title='bbox 667 2857 764 2917; x_wconf 90' lang='lat' dir='ltr'><strong>omnis</strong></span> <span class='ocrx_word' id='word_1_236' title='bbox 785 2855 843 2916; x_wconf 93' lang='lat' dir='ltr'><strong>loci</strong></span> <span class='ocrx_word' id='word_1_237' title='bbox 858 2856 1060 2926; x_wconf 83' lang='lat' dir='ltr'><strong>nexusdocet,</strong></span> <span class='ocrx_word' id='word_1_238' title='bbox 1084 2854 1138 2912; x_wconf 92' lang='lat' dir='ltr'><strong>sed</strong></span> <span class='ocrx_word' id='word_1_239' title='bbox 1152 2859 1294 2928; x_wconf 86' lang='lat' dir='ltr'><strong>spectavit</strong></span> 
     </span>
     <span class='ocr_line' id='line_1_26' title="bbox 133 2953 1293 3034; baseline -0.008 -7"><span class='ocrx_word' id='word_1_240' title='bbox 133 2969 264 3027; x_wconf 77' lang='lat' dir='ltr'><strong>fortasse</strong></span> <span class='ocrx_word' id='word_1_241' title='bbox 289 2965 377 3024; x_wconf 80' lang='lat' dir='ltr'><strong>Arist</strong></span> <span class='ocrx_word' id='word_1_242' title='bbox 404 2963 556 3020; x_wconf 86' lang='lat' dir='ltr'><strong>Platonem</strong></span> <span class='ocrx_word' id='word_1_243' title='bbox 582 2959 613 3018; x_wconf 88' lang='lat' dir='ltr'><strong>ln</strong></span> <span class='ocrx_word' id='word_1_244' title='bbox 641 2959 777 3034; x_wconf 90' lang='lat' dir='ltr'><strong>discipuli</strong></span> <span class='ocrx_word' id='word_1_245' title='bbox 804 2957 928 3016; x_wconf 77' lang='lat' dir='ltr'><strong>aienius</strong></span> <span class='ocrx_word' id='word_1_246' title='bbox 955 2955 1071 3028; x_wconf 86' lang='lat' dir='ltr'><strong>dialogo</strong></span> <span class='ocrx_word' id='word_1_247' title='bbox 1097 2953 1293 3018; x_wconf 84' lang='lat' dir='ltr'><strong>disserentem</strong></span> 
     </span>
    </p>
   </div>
   <div class='ocr_carea' id='block_1_3' title="bbox 133 3057 1409 3150">
    <p class='ocr_par' dir='ltr' id='par_1_3' title="bbox 133 3057 1409 3150">
     <span class='ocr_line' id='line_1_27' title="bbox 133 3057 1409 3150; baseline -0.008 -23"><span class='ocrx_word' id='word_1_248' title='bbox 133 3068 199 3128; x_wconf 91' lang='lat' dir='ltr'><strong>nisi</strong></span> <span class='ocrx_word' id='word_1_249' title='bbox 220 3066 319 3142; x_wconf 90' lang='lat' dir='ltr'><strong>potius</strong></span> <span class='ocrx_word' id='word_1_250' title='bbox 341 3063 448 3124; x_wconf 87' lang='lat' dir='ltr'><strong>erravit</strong></span> <span class='ocrx_word' id='word_1_251' title='bbox 469 3062 611 3120; x_wconf 83' lang='lat' dir='ltr'><strong>memoria</strong></span> <span class='ocrx_word' id='word_1_252' title='bbox 632 3061 760 3136; x_wconf 91' lang='lat' dir='ltr'><strong>lapsus),</strong></span> <span class='ocrx_word' id='word_1_253' title='bbox 783 3060 847 3134; x_wconf 88' lang='lat' dir='ltr'><strong>ipsa</strong></span> <span class='ocrx_word' id='word_1_254' title='bbox 859 3057 1070 3119; x_wconf 86' lang='lat' dir='ltr'><strong>contrariarum</strong></span> <span class='ocrx_word' id='word_1_255' title='bbox 1082 3058 1293 3118; x_wconf 85' lang='lat' dir='ltr'><strong>sententiarum</strong></span> <span class='ocrx_word' id='word_1_256' title='bbox 1403 3140 1409 3150; x_wconf 32' lang='lat'>‚</span> 
     </span>
    </p>
   </div>
   <div class='ocr_carea' id='block_1_4' title="bbox 129 3157 1304 4459">
    <p class='ocr_par' dir='ltr' id='par_1_4' title="bbox 129 3157 1304 4459">
     <span class='ocr_line' id='line_1_28' title="bbox 131 3157 1293 3240; baseline -0.008 -10"><span class='ocrx_word' id='word_1_257' title='bbox 131 3169 313 3231; x_wconf 86' lang='lat' dir='ltr'><strong>certitudine</strong></span> <span class='ocrx_word' id='word_1_258' title='bbox 335 3163 536 3240; x_wconf 88' lang='lat' dir='ltr'><strong>compluribus</strong></span> <span class='ocrx_word' id='word_1_259' title='bbox 558 3171 627 3238; x_wconf 90' lang='lat' dir='ltr'><strong>post</strong></span> <span class='ocrx_word' id='word_1_260' title='bbox 647 3164 797 3223; x_wconf 81' lang='lat' dir='ltr'><strong>Platonem</strong></span> <span class='ocrx_word' id='word_1_261' title='bbox 819 3161 904 3220; x_wconf 87' lang='lat' dir='ltr'><strong>annis</strong></span> <span class='ocrx_word' id='word_1_262' title='bbox 926 3162 1000 3220; x_wconf 88' lang='lat' dir='ltr'><strong>baec</strong></span> <span class='ocrx_word' id='word_1_263' title='bbox 1023 3157 1131 3232; x_wconf 89' lang='lat' dir='ltr'><strong>scripta</strong></span> <span class='ocrx_word' id='word_1_264' title='bbox 1153 3173 1221 3218; x_wconf 89' lang='lat' dir='ltr'><strong>esse</strong></span> <span class='ocrx_word' id='word_1_265' title='bbox 1239 3161 1293 3222; x_wconf 65' lang='lat' dir='ltr'><strong>do,-</strong></span> 
     </span>
     <span class='ocr_line' id='line_1_29' title="bbox 134 3259 1295 3344; baseline -0.009 -12"><span class='ocrx_word' id='word_1_266' title='bbox 134 3285 222 3344; x_wconf 89' lang='lat' dir='ltr'><strong>cens,</strong></span> <span class='ocrx_word' id='word_1_267' title='bbox 245 3269 322 3330; x_wconf 87' lang='lat' dir='ltr'><strong>sieut</strong></span> <span class='ocrx_word' id='word_1_268' title='bbox 344 3282 419 3342; x_wconf 92' lang='lat' dir='ltr'><strong>quae</strong></span> <span class='ocrx_word' id='word_1_269' title='bbox 441 3265 581 3325; x_wconf 89' lang='lat' dir='ltr'><strong>continuo</strong></span> <span class='ocrx_word' id='word_1_270' title='bbox 605 3272 771 3340; x_wconf 90' lang='lat' dir='ltr'><strong>sequuntur</strong></span> <span class='ocrx_word' id='word_1_271' title='bbox 784 3261 941 3322; x_wconf 82' lang='lat' dir='ltr'><strong>Rhetorica</strong></span> <span class='ocrx_word' id='word_1_272' title='bbox 951 3261 988 3319; x_wconf 92' lang='lat' dir='ltr'><strong>de</strong></span> <span class='ocrx_word' id='word_1_273' title='bbox 1000 3259 1109 3334; x_wconf 93' lang='lat' dir='ltr'><strong>quibus</strong></span> <span class='ocrx_word' id='word_1_274' title='bbox 1121 3259 1157 3318; x_wconf 87' lang='grc'><strong>61.</strong></span> <span class='ocrx_word' id='word_1_275' title='bbox 1170 3261 1295 3322; x_wconf 74' lang='lat' dir='ltr'><strong>litandis</strong></span> 
     </span>
     <span class='ocr_line' id='line_1_30' title="bbox 133 3353 1294 3450; baseline -0.007 -17"><span class='ocrx_word' id='word_1_276' title='bbox 133 3374 172 3434; x_wconf 91' lang='lat' dir='ltr'><strong>in</strong></span> <span class='ocrx_word' id='word_1_277' title='bbox 195 3367 408 3432; x_wconf 83' lang='lat' dir='ltr'><strong>Schneidewini</strong></span> <span class='ocrx_word' id='word_1_278' title='bbox 430 3367 583 3441; x_wconf 89' lang='lat' dir='ltr'><strong>Pbilologo</strong></span> <span class='ocrx_word' id='word_1_279' title='bbox 602 3364 684 3428; x_wconf 81' lang='grc'><strong>1849</strong></span> <span class='ocrx_word' id='word_1_280' title='bbox 702 3383 729 3440; x_wconf 92' lang='lat' dir='ltr'><strong>p.</strong></span> <span class='ocrx_word' id='word_1_281' title='bbox 742 3363 849 3426; x_wconf 87' lang='grc'><strong>8-10</strong></span> <span class='ocrx_word' id='word_1_282' title='bbox 868 3363 919 3436; x_wconf 83' lang='grc'><strong>(61.</strong></span> <span class='ocrx_word' id='word_1_283' title='bbox 937 3360 966 3434; x_wconf 91' lang='grc'><strong>1,</strong></span> <span class='ocrx_word' id='word_1_284' title='bbox 983 3362 1013 3422; x_wconf 91' lang='grc'><strong>9.</strong></span> <span class='ocrx_word' id='word_1_285' title='bbox 1031 3359 1124 3434; x_wconf 87' lang='grc'><strong>1368,</strong></span> <span class='ocrx_word' id='word_1_286' title='bbox 1140 3359 1183 3423; x_wconf 88' lang='grc'><strong>20</strong></span> <span class='ocrx_word' id='word_1_287' title='bbox 1209 3353 1294 3450; x_wconf 79' lang='grc' dir='ltr'><strong><em>ὅπερ</em></strong></span> 
     </span>
     <span class='ocr_line' id='line_1_31' title="bbox 129 3460 1294 3546; baseline -0.01 -10"><span class='ocrx_word' id='word_1_288' title='bbox 129 3465 194 3536; x_wconf 77' lang='lat' dir='ltr'><strong>&#39;Im</strong></span> <span class='ocrx_word' id='word_1_289' title='bbox 214 3463 361 3546; x_wconf 78' lang='grc' dir='ltr'>ἐποίει)</span> <span class='ocrx_word' id='word_1_290' title='bbox 393 3477 462 3544; x_wconf 91' lang='lat' dir='ltr'><strong>post</strong></span> <span class='ocrx_word' id='word_1_291' title='bbox 495 3475 619 3528; x_wconf 86' lang='lat' dir='ltr'><strong>mortem</strong></span> <span class='ocrx_word' id='word_1_292' title='bbox 652 3466 788 3527; x_wconf 83' lang='lat' dir='ltr'><strong>Isocratis</strong></span> <span class='ocrx_word' id='word_1_293' title='bbox 821 3461 915 3539; x_wconf 83' lang='lat' dir='ltr'><strong>(†&#39;Ol.</strong></span> <span class='ocrx_word' id='word_1_294' title='bbox 932 3460 1004 3535; x_wconf 87' lang='grc'><strong>110,</strong></span> <span class='ocrx_word' id='word_1_295' title='bbox 1021 3461 1056 3536; x_wconf 90' lang='grc'><strong>3)</strong></span> <span class='ocrx_word' id='word_1_296' title='bbox 1090 3471 1120 3522; x_wconf 86' lang='grc'><strong>61</strong></span> <span class='ocrx_word' id='word_1_297' title='bbox 1146 3472 1178 3522; x_wconf 89' lang='grc'><strong>61</strong></span> <span class='ocrx_word' id='word_1_298' title='bbox 1206 3467 1294 3524; x_wconf 90' lang='lat' dir='ltr'><strong>credo</strong></span> 
     </span>
     <span class='ocr_line' id='line_1_32' title="bbox 133 3556 1296 3650; baseline -0.011 -12"><span class='ocrx_word' id='word_1_299' title='bbox 133 3576 313 3638; x_wconf 84' lang='lat' dir='ltr'><strong>Theodectis</strong></span> <span class='ocrx_word' id='word_1_300' title='bbox 334 3571 497 3632; x_wconf 84' lang='lat' dir='ltr'><strong>Phaselitae</strong></span> <span class='ocrx_word' id='word_1_301' title='bbox 524 3568 698 3643; x_wconf 88' lang='lat' dir='ltr'><strong>saepissime</strong></span> <span class='ocrx_word' id='word_1_302' title='bbox 725 3556 803 3626; x_wconf 84' lang='lat' dir='ltr'><strong>citati</strong></span> <span class='ocrx_word' id='word_1_303' title='bbox 836 3565 886 3640; x_wconf 91' lang='lat' dir='ltr'><strong>qui</strong></span> <span class='ocrx_word' id='word_1_304' title='bbox 917 3565 1021 3650; x_wconf 82' lang='lat' dir='ltr'><strong>paucis</strong></span> <span class='ocrx_word' id='word_1_305' title='bbox 1047 3563 1133 3622; x_wconf 89' lang='lat' dir='ltr'><strong>annis</strong></span> <span class='ocrx_word' id='word_1_306' title='bbox 1155 3571 1222 3624; x_wconf 88' lang='lat' dir='ltr'><strong>ante</strong></span> <span class='ocrx_word' id='word_1_307' title='bbox 1245 3582 1296 3625; x_wconf 85' lang='lat' dir='ltr'><strong>ex·</strong></span> 
     </span>
     <span class='ocr_line' id='line_1_33' title="bbox 136 3662 1304 3758; baseline -0.01 -20"><span class='ocrx_word' id='word_1_308' title='bbox 136 3677 322 3758; x_wconf 87' lang='lat' dir='ltr'><strong>peditionem</strong></span> <span class='ocrx_word' id='word_1_309' title='bbox 342 3674 490 3734; x_wconf 89' lang='lat' dir='ltr'><strong>Persicam</strong></span> <span class='ocrx_word' id='word_1_310' title='bbox 517 3672 577 3731; x_wconf 85' lang='lat' dir='ltr'><strong>vita</strong></span> <span class='ocrx_word' id='word_1_311' title='bbox 598 3671 755 3729; x_wconf 80' lang='grc'><strong>1616661116</strong></span> <span class='ocrx_word' id='word_1_312' title='bbox 776 3667 892 3726; x_wconf 87' lang='lat' dir='ltr'><strong>videtur</strong></span> <span class='ocrx_word' id='word_1_313' title='bbox 919 3667 1009 3740; x_wconf 87' lang='lat' dir='ltr'><strong>(Plut.</strong></span> <span class='ocrx_word' id='word_1_314' title='bbox 1026 3662 1189 3738; x_wconf 81' lang='lat' dir='ltr'><strong>Alex.17).</strong></span> <span class='ocrx_word' id='word_1_315' title='bbox 1233 3667 1304 3727; x_wconf 81' lang='lat' dir='ltr'><strong>lso·¹</strong></span> 
     </span>
     <span class='ocr_line' id='line_1_34' title="bbox 138 3766 1296 3855; baseline -0.012 -13"><span class='ocrx_word' id='word_1_316' title='bbox 138 3779 231 3842; x_wconf 89' lang='lat' dir='ltr'><strong>cratis</strong></span> <span class='ocrx_word' id='word_1_317' title='bbox 254 3776 399 3855; x_wconf 89' lang='lat' dir='ltr'><strong>imprimis</strong></span> <span class='ocrx_word' id='word_1_318' title='bbox 421 3773 603 3834; x_wconf 88' lang='lat' dir='ltr'><strong>orationibus</strong></span> <span class='ocrx_word' id='word_1_319' title='bbox 626 3770 828 3845; x_wconf 85' lang='lat' dir='ltr'><strong>exemplisque</strong></span> <span class='ocrx_word' id='word_1_320' title='bbox 854 3776 913 3828; x_wconf 90' lang='lat' dir='ltr'><strong>tota</strong></span> <span class='ocrx_word' id='word_1_321' title='bbox 940 3768 989 3827; x_wconf 91' lang='lat' dir='ltr'><strong>illa</strong></span> <span class='ocrx_word' id='word_1_322' title='bbox 1010 3783 1059 3826; x_wconf 87' lang='lat' dir='ltr'><strong>ars</strong></span> <span class='ocrx_word' id='word_1_323' title='bbox 1081 3767 1118 3826; x_wconf 83' lang='lat' dir='ltr'><strong>ab</strong></span> <span class='ocrx_word' id='word_1_324' title='bbox 1140 3766 1296 3828; x_wconf 79' lang='lat' dir='ltr'><strong>Aristotele</strong></span> 
     </span>
     <span class='ocr_line' id='line_1_35' title="bbox 136 3862 1296 3949; baseline -0.011 -4"><span class='ocrx_word' id='word_1_325' title='bbox 136 3881 260 3945; x_wconf 85' lang='lat' dir='ltr'><strong>condita</strong></span> <span class='ocrx_word' id='word_1_326' title='bbox 291 3879 393 3939; x_wconf 85' lang='lat' dir='ltr'><strong>nititur</strong></span> <span class='ocrx_word' id='word_1_327' title='bbox 422 3876 547 3949; x_wconf 89' lang='lat' dir='ltr'><strong>eiusque</strong></span> <span class='ocrx_word' id='word_1_328' title='bbox 573 3875 620 3934; x_wconf 90' lang='lat' dir='ltr'><strong>vel</strong></span> <span class='ocrx_word' id='word_1_329' title='bbox 641 3873 767 3933; x_wconf 83' lang='lat' dir='ltr'><strong>maxime</strong></span> <span class='ocrx_word' id='word_1_330' title='bbox 795 3871 876 3930; x_wconf 89' lang='lat' dir='ltr'><strong>senis</strong></span> <span class='ocrx_word' id='word_1_331' title='bbox 898 3871 947 3930; x_wconf 91' lang='lat' dir='ltr'><strong>bic</strong></span> <span class='ocrx_word' id='word_1_332' title='bbox 969 3871 1037 3929; x_wconf 87' lang='lat' dir='ltr'><strong>citat</strong></span> <span class='ocrx_word' id='word_1_333' title='bbox 1059 3868 1207 3928; x_wconf 89' lang='lat' dir='ltr'><strong>orationes</strong></span> <span class='ocrx_word' id='word_1_334' title='bbox 1233 3862 1296 3932; x_wconf 70' lang='lat' dir='ltr'><strong>ot</strong></span> 
     </span>
     <span class='ocr_line' id='line_1_36' title="bbox 138 3965 1296 4061; baseline -0.013 -15"><span class='ocrx_word' id='word_1_335' title='bbox 138 3981 273 4057; x_wconf 82' lang='grc' dir='ltr'><strong><em>λιππος</em></strong></span> <span class='ocrx_word' id='word_1_336' title='bbox 295 3987 325 4040; x_wconf 85' lang='lat' dir='ltr'><strong>ct</strong></span> <span class='ocrx_word' id='word_1_337' title='bbox 345 3972 425 4061; x_wconf 82' lang='grc' dir='ltr'><strong><em>περὶ</em></strong></span> <span class='ocrx_word' id='word_1_338' title='bbox 445 3965 648 4048; x_wconf 77' lang='grc' dir='ltr'><strong><em>ἀντιδόσεως</em></strong></span> <span class='ocrx_word' id='word_1_339' title='bbox 669 3970 882 4050; x_wconf 77' lang='grc'><strong>(1418117),</strong></span> <span class='ocrx_word' id='word_1_340' title='bbox 915 3987 1075 4046; x_wconf 87' lang='lat' dir='ltr'><strong>numquam</strong></span> <span class='ocrx_word' id='word_1_341' title='bbox 1098 3985 1167 4030; x_wconf 86' lang='lat' dir='ltr'><strong>vero</strong></span> <span class='ocrx_word' id='word_1_342' title='bbox 1190 3970 1296 4031; x_wconf 84' lang='lat' dir='ltr'><strong>liemo-</strong></span> 
     </span>
     <span class='ocr_line' id='line_1_37' title="bbox 138 4069 1296 4153; baseline -0.016 -5"><span class='ocrx_word' id='word_1_343' title='bbox 138 4087 279 4149; x_wconf 88' lang='lat' dir='ltr'><strong>stbcnem</strong></span> <span class='ocrx_word' id='word_1_344' title='bbox 300 4083 386 4141; x_wconf 89' lang='lat' dir='ltr'><strong>cuius</strong></span> <span class='ocrx_word' id='word_1_345' title='bbox 407 4081 454 4140; x_wconf 85' lang='lat' dir='ltr'><strong>vel</strong></span> <span class='ocrx_word' id='word_1_346' title='bbox 476 4079 573 4153; x_wconf 90' lang='lat' dir='ltr'><strong>ipsum</strong></span> <span class='ocrx_word' id='word_1_347' title='bbox 589 4091 698 4136; x_wconf 90' lang='lat' dir='ltr'><strong>nomeu</strong></span> <span class='ocrx_word' id='word_1_348' title='bbox 713 4075 764 4148; x_wconf 85' lang='lat' dir='ltr'><strong>(ci.</strong></span> <span class='ocrx_word' id='word_1_349' title='bbox 777 4071 886 4135; x_wconf 83' lang='grc'><strong>11011)</strong></span> <span class='ocrx_word' id='word_1_350' title='bbox 898 4069 955 4146; x_wconf 88' lang='grc'><strong>32)</strong></span> <span class='ocrx_word' id='word_1_351' title='bbox 976 4073 1121 4130; x_wconf 90' lang='lat' dir='ltr'><strong>incertum</strong></span> <span class='ocrx_word' id='word_1_352' title='bbox 1133 4077 1163 4128; x_wconf 90' lang='lat' dir='ltr'><strong>et</strong></span> <span class='ocrx_word' id='word_1_353' title='bbox 1174 4071 1296 4130; x_wconf 88' lang='lat' dir='ltr'><strong>dubium</strong></span> 
     </span>
     <span class='ocr_line' id='line_1_38' title="bbox 139 4172 1297 4257; baseline -0.016 -8"><span class='ocrx_word' id='word_1_354' title='bbox 139 4195 191 4249; x_wconf 88' lang='lat' dir='ltr'><strong>est</strong></span> <span class='ocrx_word' id='word_1_355' title='bbox 209 4187 294 4246; x_wconf 81' lang='lat' dir='ltr'><strong>libet.</strong></span> <span class='ocrx_word' id='word_1_356' title='bbox 311 4183 341 4257; x_wconf 91' lang='grc'><strong>2,</strong></span> <span class='ocrx_word' id='word_1_357' title='bbox 357 4181 407 4244; x_wconf 88' lang='grc'><strong>23.</strong></span> <span class='ocrx_word' id='word_1_358' title='bbox 428 4177 537 4242; x_wconf 76' lang='lat' dir='ltr'><strong>taeta</strong></span> <span class='ocrx_word' id='word_1_359' title='bbox 554 4178 583 4252; x_wconf 84' lang='lat'><strong>7,</strong></span> <span class='ocrx_word' id='word_1_360' title='bbox 618 4194 677 4253; x_wconf 89' lang='lat' dir='ltr'><strong>quo</strong></span> <span class='ocrx_word' id='word_1_361' title='bbox 709 4180 774 4238; x_wconf 91' lang='grc'><strong>1666</strong></span> <span class='ocrx_word' id='word_1_362' title='bbox 801 4191 893 4250; x_wconf 91' lang='lat' dir='ltr'><strong>quum</strong></span> <span class='ocrx_word' id='word_1_363' title='bbox 919 4181 1054 4233; x_wconf 87' lang='lat' dir='ltr'><strong>notarum</strong></span> <span class='ocrx_word' id='word_1_364' title='bbox 1080 4177 1212 4231; x_wconf 88' lang='lat' dir='ltr'><strong>neutram</strong></span> <span class='ocrx_word' id='word_1_365' title='bbox 1240 4172 1297 4230; x_wconf 84' lang='lat' dir='ltr'><strong>Ile-</strong></span> 
     </span>
     <span class='ocr_line' id='line_1_39' title="bbox 138 4273 1297 4360; baseline -0.015 -11"><span class='ocrx_word' id='word_1_366' title='bbox 138 4286 309 4349; x_wconf 87' lang='lat' dir='ltr'><strong>mosthenis</strong></span> <span class='ocrx_word' id='word_1_367' title='bbox 331 4300 484 4344; x_wconf 88' lang='lat' dir='ltr'><strong>cansarum</strong></span> <span class='ocrx_word' id='word_1_368' title='bbox 501 4281 562 4356; x_wconf 88' lang='lat' dir='ltr'><strong>(Ol.</strong></span> <span class='ocrx_word' id='word_1_369' title='bbox 580 4277 652 4354; x_wconf 92' lang='grc'><strong>112,</strong></span> <span class='ocrx_word' id='word_1_370' title='bbox 667 4277 688 4341; x_wconf 85' lang='grc'><strong>3</strong></span> <span class='ocrx_word' id='word_1_371' title='bbox 703 4287 732 4340; x_wconf 88' lang='grc'><strong>61</strong></span> <span class='ocrx_word' id='word_1_372' title='bbox 747 4277 819 4352; x_wconf 88' lang='grc'><strong>113,</strong></span> <span class='ocrx_word' id='word_1_373' title='bbox 834 4277 871 4360; x_wconf 78' lang='grc'><strong>4)</strong></span> <span class='ocrx_word' id='word_1_374' title='bbox 894 4275 1019 4350; x_wconf 89' lang='lat' dir='ltr'><strong>spectari</strong></span> <span class='ocrx_word' id='word_1_375' title='bbox 1034 4288 1123 4348; x_wconf 85' lang='lat' dir='ltr'><strong>posse</strong></span> <span class='ocrx_word' id='word_1_376' title='bbox 1135 4273 1297 4332; x_wconf 87' lang='lat' dir='ltr'><strong>sentcntiae</strong></span> 
     </span>
     <span class='ocr_line' id='line_1_40' title="bbox 138 4373 1298 4459; baseline -0.015 -8"><span class='ocrx_word' id='word_1_377' title='bbox 138 4405 238 4452; x_wconf 85' lang='lat' dir='ltr'><strong>nexus</strong></span> <span class='ocrx_word' id='word_1_378' title='bbox 261 4389 374 4459; x_wconf 90' lang='lat' dir='ltr'><strong>doceat,</strong></span> <span class='ocrx_word' id='word_1_379' title='bbox 397 4392 447 4446; x_wconf 89' lang='lat' dir='ltr'><strong>aut</strong></span> <span class='ocrx_word' id='word_1_380' title='bbox 468 4385 504 4444; x_wconf 92' lang='lat' dir='ltr'><strong>de</strong></span> <span class='ocrx_word' id='word_1_381' title='bbox 527 4383 627 4457; x_wconf 90' lang='lat' dir='ltr'><strong>ignota</strong></span> <span class='ocrx_word' id='word_1_382' title='bbox 649 4382 774 4455; x_wconf 86' lang='lat' dir='ltr'><strong>quadam</strong></span> <span class='ocrx_word' id='word_1_383' title='bbox 797 4378 921 4439; x_wconf 90' lang='lat' dir='ltr'><strong>oratoris</strong></span> <span class='ocrx_word' id='word_1_384' title='bbox 944 4392 1033 4436; x_wconf 87' lang='lat' dir='ltr'><strong>causa</strong></span> <span class='ocrx_word' id='word_1_385' title='bbox 1055 4373 1239 4449; x_wconf 86' lang='lat' dir='ltr'><strong>cogitandum</strong></span> <span class='ocrx_word' id='word_1_386' title='bbox 1252 4383 1298 4434; x_wconf 86' lang='lat' dir='ltr'><strong>est</strong></span> 
     </span>
    </p>
   </div>
   <div class='ocr_carea' id='block_1_5' title="bbox 0 0 1527 5164">
    <p class='ocr_par' dir='ltr' id='par_1_5' title="bbox 0 0 1527 5164">
     <span class='ocr_line' id='line_1_41' title="bbox 0 0 1527 5164; baseline 0 0"><span class='ocrx_word' id='word_1_387' title='bbox 0 0 1527 5164; x_wconf 95' lang='lat' dir='ltr'><strong> </strong></span> 
     </span>
    </p>
   </div>
  </div>
 </body>
</html>
