3036 5164
654 383 690 444 81

94 557 294 609 removentur.
342 551 443 626 Neque
470 565 539 610 voro
568 552 774 629 1113111111
801 556 959 615 identidem
988 558 1179 632 repetendum
1208 566 1254 617 cst

94 651 262 712 Aristotelis
285 653 403 728 ingenio
426 653 595 712 consentire
616 655 731 714 videtur
752 655 858 716 sabulis
874 657 932 717 illis
946 673 1067 732 operam
1083 659 1253 733 impendere
1365 661 1370 669 '

95 753 207 826 uatibus
230 755 266 813 de
288 755 347 813 vita
368 755 550 829 Pythagorae
570 764 602 815 ct
622 757 871 833 Pythagoreorum
898 761 1030 820 moribus
1052 759 1253 835 institutisque

94 864 126 915 et
146 857 302 916 sententiis
325 863 386 916 tres
408 872 476 916 eum
498 859 653 918 retorsisse
675 860 767 918 libros
789 861 944 934 perhibent
963 851 1170 922 historicorum
1193 863 1253 922 lere

94 959 186 1018 modo
209 960 288 1018 velut
310 959 458 1018 Andronis
481 961 661 1036 Theopompi
677 961 785 1020 Timaei
801 962 967 1023 Aristoxeni
983 963 1156 1039 (scripsisse
1169 980 1254 1040 prae·

93 1067 178 1118 terea
204 1061 241 1118 de
269 1061 459 1136 Pythagoreis
486 1062 625 1122 dicuutur
650 1061 835 1138 Speusippus
862 1071 891 1124 ct
917 1065 997 1124 Zeno
1024 1065 1141 1125 Stoicus
1163 1067 1195 1124 b.
1219 1067 1251 1125 L.

94 1161 127 1235 7,
143 1163 174 1234 4,
202 1162 267 1236 ipsc
289 1163 337 1222 hie
363 1163 581 1237 quodammodo
604 1163 845 1239 pythagorissans
867 1166 1037 1242 cynicorum
1059 1182 1142 1226 more
1164 1167 1196 1226 0.
1219 1165 1252 1228 t.

94 1261 127 1336 7,
145 1261 195 1324 13.
212 1263 263 1324 26.
281 1263 331 1324 27.
349 1263 454 1338 6,105
477 1266 513 1324 ci.
536 1265 752 1340 Pythagoreum
774 1265 857 1326 illum
879 1266 1089 1326 Atheniensem
1109 1267 1252 1327 theocriti

94 1367 137 1423 ld.
156 1362 243 1439 14,5
267 1367 303 1425 de
327 1381 386 1441 ouo
410 1367 484 1426 nihil
505 1369 586 1442 quod
608 1367 746 1426 traditum
769 1367 807 1426 sit
829 1369 926 1427 sciunt
947 1367 1056 1427 Scholl.
1073 1369 1118 1428 ed.
1135 1369 1255 1428 llilbuer

92 1485 125 1541 p.
141 1463 194 1540 85,
210 1464 282 1541 tm:
320 1476 399 1528 certe
426 1468 505 1528 enim
532 1469 673 1529 librorum
701 1467 817 1528 illorum
846 1471 882 1528 de
909 1469 1099 1545 Pythagoreis
1127 1472 1189 1530 sive
1217 1471 1254 1529 de

92 1570 213 1646 placitis
234 1577 284 1629 aut
305 1571 491 1646 philosophia
512 1571 760 1646 Pythagoreorum
783 1572 902 1645 saepius
925 1572 1171 1646 apostematibus
1184 1573 1254 1632 cita·

92 1680 194 1732 torum
215 1673 357 1750 (duorum
379 1679 408 1731 et
431 1680 631 1745 separatorum
656 1673 773 1747 quidem
798 1691 856 1733 sec.
881 1673 913 1731 b.
930 1673 961 1732 L.
980 1669 1009 1746 5,
1025 1671 1076 1734 25.
1100 1674 1136 1733 11.
1152 1668 1187 1737 ἐν
1207 1671 1256 1757 τῷ

94 1766 241 1856 δευτέρῳ
255 1775 356 1848 Simpl.
367 1773 526 1834 Sch.492b
537 1773 588 1833 41.
599 1773 1252 1851 Anonymusunumtautumhabctcl.Theon.

96 1870 202 1958 emp
222 1872 450 1959 Πυθαγορικῷ
472 1877 522 1950 qui
545 1883 643 1936 tamen
665 1878 821 1938 manifesto
848 1877 928 1936 idem
950 1893 1026 1950 opus
1048 1877 1200 1952 Simplicio
1223 1877 1253 1935 in

99 1980 179 2037 dnos
200 1977 324 2038 divisum
346 1978 491 2053 intelligit,
515 1980 550 2036 11.
575 1979 672 2036 Wenr.
696 1996 724 2052 p.
742 1975 804 2039 145
827 1979 886 2052 „dc
908 1985 969 2037 arte
991 1979 1105 2052 poetica
1127 2011 1169 2021 -—
1191 1979 1252 2037 11.

96 2080 285 2156 philosophia
306 2082 409 2141 neseio
433 2071 491 2154 qno
514 2081 617 2138 Arabis
640 2095 739 2139 errore
762 2083 837 2140 male
860 2081 900 2138 ita
922 2081 1033 2139 reddita
1057 2112 1097 2122 -
1121 2079 1256 2155 11111-

94 2185 237 2257 thagorae
259 2184 383 2257 eiusque
411 2189 588 2241 soctatomm
610 2181 717 2256 placito
738 2183 803 2241 libri
820 2181 878 2255 ll”)
903 2183 1028 2241 maxima
1049 2197 1118 2256 pars
1139 2181 1255 2240 iabulae

95 2283 190 2344 erant
204 2293 232 2343 et
254 2285 413 2360 religiones
436 2291 523 2358 atque
539 2283 672 2360 symbola
684 2285 719 2343 11.
732 2284 866 2359 Apollon.
883 2287 948 2344 mir.
961 2283 990 2359 6,
1013 2283 1116 2344 Jambl.
1129 2299 1156 2342 v.
1168 2283 1200 2342 P.
1214 2279 1255 2344 31

95 2385 270 2462 (cl-Aeliam
285 2405 312 2446 v.
330 2389 358 2446 h.
375 2388 405 2461 4,
422 2385 490 2460 17),
513 2386 654 2460 Porphyr.
671 2403 697 2445 v.
713 2387 744 2444 P.
762 2385 813 2461 41,
836 2387 910 2447 Plut.
925 2403 970 2462 ap.
985 2385 1059 2446 Geli.
1076 2383 1106 2459 4,
1123 2383 1257 2456 11111·

94 2491 187 2551 xaud.
210 2490 310 2565 Polyh.
334 2507 380 2565 ap.
404 2490 486 2564 lliog.
502 2485 581 2558 hs,
598 2486 647 2547 19.
670 2485 709 2548 31
733 2488 798 2561 (nbi
822 2490 952 2564 ineptum
975 2489 1048 2547 illud
1071 2477 1258 2569 11111111ρί

94 2582 235 2670 κυάμων
256 2592 320 2652 iure
342 2593 468 2651 correxit
491 2591 607 2664 Cobet),
631 2589 798 2666 llicmnym.
821 2592 885 2648 adv.
898 2589 993 2649 nuda.
1011 2586 1040 2664 3,
1057 2586 1108 2650 10.
1131 2606 1159 2663 p.
1178 2585 1256 2658 2613

96 2704 198 2755 cetera
211 2709 289 2752 -vero
312 2710 387 2768 quoe
411 2695 447 2753 de
469 2693 600 2769 physicis
623 2701 652 2751 11
674 2692 810 2751 cosmicis
837 2691 951 2765 placitis
977 2691 1046 2751 inde
1068 2689 1258 2765 1111111111-

95 2805 207 2859 mutar
228 2813 263 2857 ea
283 2798 344 2855 'lere
368 2804 437 2855 sunt
459 2812 534 2870 quae
557 2811 594 2852 ex
616 2794 681 2867 ipso
705 2793 860 2852 Aristotele
883 2801 950 2852 nota
967 2793 1035 2865 sint,
1059 2792 1257 2866 quibusuova

96 2917 138 2960 ex
160 2901 210 2960 illo
232 2899 307 2958 libro
330 2899 516 2958 traditionem
540 2898 663 2956 eandem
687 2912 774 2969 quam
798 2893 968 2953 Aristotcles
992 2899 1135 2967 sequente
1150 2900 1182 2951 ut
1197 2907 1256 2951 non

96 3005 260 3063 voluerunt
275 3003 383 3062 addere
400 3003 575 3080 interpretes
592 2999 630 3055 ita
642 3012 701 3055 non
714 3003 885 3070 potueruutz
910 2995 939 3054 id
951 2995 1031 3069 quod
1043 2993 1169 3055 maxime
1180 2994 1259 3070 patet

96 3107 131 3166 in
147 3105 251 3163 scholi.
265 3106 310 3163 ad.
323 3105 447 3178 hletaph.
465 3101 494 3176 1,
511 3099 529 3162 5
548 3098 620 3173 116,
645 3098 693 3157 ubi
717 3115 807 3172 quum
821 3097 985 3157 Alexander
1006 3097 1052 3156 bis
1065 3095 1133 3156 citet
1147 3096 1259 3156 Aristo·

98 3209 192 3267 telem
215 3203 372 3280 115610
395 3203 531 3278 1131,1
560 3193 610 3278 (ei
634 3201 715 3262 Alex.
742 3201 858 3276 Asclep.
883 3195 1053 3260 81115431)
1074 3197 1131 3272 19)
1158 3198 1261 3258 dicens

98 3313 153 3384 (ci.
179 3309 310 3383 simplic.
339 3311 376 3367 de
404 3307 493 3368 Coelo
521 3307 588 3364 Sch.
606 3301 677 3374 505,
693 3299 744 3362 23.
762 3299 802 3362 35
830 3301 881 3361 ubi
902 3319 929 3360 v.
950 3299 991 3362 23
1015 3301 1138 3360 'scribas
1161 3289 1196 3362 ἓν
1215 3297 1261 3382 τῷ

99 3406 270 3493 περὶτῶν
291 3427 344 3485 pro
367 3403 402 3472 ἒυ
422 3407 467 3493 τῷ
490 3400 612 3489 πέρατι
634 3403 700 3470 τῶν
725 3399 986 3487 Πυθαγορικῶν)
1011 3403 1047 3461 de
1071 3405 1173 3461 decom
1196 3418 1262 3460 cor·

100 3513 230 3591 poribus
252 3513 410 3572 mundanis
433 3520 462 3571 et
490 3511 677 3569 antichthono
698 3539 740 3549 —
768 3509 805 3564 de
828 3521 885 3579 qua
907 3520 939 3563 re
962 3505 1041 3578 quod
1065 3504 1129 3577 ipse
1150 3503 1263 3562 Aristo·

100 3620 179 3678 teles
218 3615 324 3674 dicitur
357 3614 472 3687 (Bonita
497 3608 680 3672 Commta.
715 3607 881 3680 Schwegler
907 3603 1020 3663 Comm.
1048 3605 1079 3662 in
1101 3605 1130 3662 T.
1153 3601 1184 3676 3,
1204 3603 1262 3678 tt)

101 3721 215 3779 citasse
237 3717 344 3775 librum
368 3733 454 3774 suom
478 3717 514 3774 de
536 3710 725 3789 Pythagoreis
751 3705 883 3783 (11986,
905 3705 963 3779 12)
989 3705 1019 3764 id
1046 3707 1133 3780 plane
1155 3705 1262 3766 salsum

103 3829 167 3880 est:
192 3820 273 3878 solos
296 3817 376 3877 enim
396 3819 488 3877 libros
512 3817 548 3875 dc
570 3816 653 3874 coelo
677 3811 829 3888 significat,
853 3803 1262 3882 111112,13.293,20-121

103 3909 345 4010 οὐίριβέοτερουΙ
375 3919 481 3978 dicitur
507 3920 544 3976 de
569 3918 608 3976 iis
627 3931 702 3990 qtrae
725 3917 827 3973 decem
848 3911 958 3970 iaciunt
991 3902 1264 3992 (προσεγλίχοντο

104 4023 182 4096 edd,
200 4021 220 4086 7
235 4045 271 4074 =
288 4021 361 4096 293,
377 4020 427 4082 26.
444 4019 495 4081 30.
513 4015 570 4092 33)
596 4018 699 4077 mundi
731 4013 920 4090 corporibus,
954 4014 990 4071 de
1016 4013 1085 4087 igne
1112 4013 1211 4072 medio
1237 4020 1267 4072 et

105 4124 188 4187 terr'a
215 4126 306 4185 altera
331 4157 374 4168 -
399 4131 429 4182 ct
455 4123 491 4181 de
519 4135 616 4180 rerum
649 4119 782 4178 numeris
815 4114 896 4190 (τῶν
918 4109 952 4177 ἐν
977 4111 1022 4198 τῷ
1043 4102 1172 4197 abacto
1193 4109 1266 4186 990,

107 4228 162 4290 20.
179 4223 223 4288 26
249 4225 344 4286 1122
366 4227 385 4285 1.
402 4242 427 4284 1.
451 4237 550 4284 rerum
574 4220 758 4280 sensibilium
781 4219 817 4278 cl.
835 4215 907 4289 997,
925 4213 960 4289 6)
983 4215 1065 4274 illurn
1088 4213 1128 4272 ibi
1147 4229 1267 4289 quoque

107 4345 310 4403 memorasse,
338 4327 411 4386 nihil
438 4333 536 4386 tamen
558 4323 627 4382 inde
649 4321 705 4380 loci
729 4319 899 4380 obscuritati
923 4317 1055 4376 adhibet:
1090 4331 1165 4389 quae
1189 4315 1267 4374 enim

109 4441 142 4494 11
175 4431 223 4490 1111
257 4439 286 4488 ct
318 4428 473 4504 Asclepius
511 4429 548 4486 de
582 4437 772 4484 numeromm
810 4421 903 4495 signis
940 4417 1055 4493 aliaque
1089 4415 1200 4476 addunt
1232 4429 1269 4474 cn

159 4556 225 4600 ltose
244 4548 272 4597 dc
287 4546 352 4596 libris
367 4542 508 4593 Aristotelis.
1050 4519 1069 4578 6
