3024 5162
736 313 800 378 258

192 494 316 556 Baodini
339 495 369 553 in
392 492 518 565 Catalog.
548 490 633 550 codd.
667 489 747 548 latin.
776 486 846 546 bibl.
870 484 944 542 lled.
967 475 1252 542 Laur.dlor.1776
1275 485 1295 537 t.
1313 478 1350 535 lll

195 598 225 657 in
248 597 342 658 Plutei
357 593 400 656 84
423 589 525 654 codd
548 589 682 668 (membr.
707 605 766 649 sec.
782 587 856 665 llllll
884 586 959 644 inter
980 582 1145 644 Aristotelis
1173 597 1207 641 ex
1230 579 1352 654 antiqua

70 730 74 735 ·
195 699 332 760 versione
354 697 443 758 latina
466 709 556 770 opera
579 695 670 754 multa
698 689 864 766 „Anonymi
890 688 949 748 vita
970 686 1153 746 Aristotelis'’
1189 699 1265 760 quae
1292 683 1351 742 inc.

197 800 391 876 „Aristotcles
423 797 618 877 philosophus
652 796 689 854 de
722 801 809 869 gente
842 791 896 850 fuit
922 791 1041 864 quidem
1067 787 1211 859 Macedo”‚
1245 785 1356 846 desinit

196 910 294 962 autem
316 901 371 965 ilat
394 907 445 974 „et
465 898 625 962 multorum
646 895 814 958 testimonia
836 894 925 953 lecre'
949 891 997 968 (ci.
1021 889 1138 950 devita
1160 889 1287 963 quadam
1309 903 1355 962 gr.

197 1003 362 1064 Aristotelis
394 1000 504 1066 inedita
533 999 618 1060 euius
651 998 767 1058 initium
791 985 860 1079 Ἀρ.
888 984 906 1058 ὃ
934 983 1126 1078 φιλόσοφος
1148 997 1203 1050 cte.
1235 989 1266 1048 in
1289 990 1356 1048 cod.

199 1105 286 1164 Marc.
308 1100 371 1166 257
395 1118 454 1164 sec.
470 1101 520 1162 xv
543 1102 655 1164 Zanetti
677 1118 705 1175 p.
723 1097 812 1173 128).
834 1130 877 1140 -
1265 1097 1268 1102 ’

286 1203 423 1271 Ceterum
457 1209 486 1262 ct
512 1202 584 1260 haec
616 1201 674 1262 vita
702 1209 731 1261 et
756 1201 822 1260 falsi
849 1198 1014 1260 Aristotelis
1047 1196 1165 1258 libellus
1193 1195 1233 1254 de·
1252 1193 1361 1253 officiis

201 1305 298 1370 mariti
333 1314 363 1369 et
394 1304 511 1377 uxoris,
546 1318 621 1377 quae
655 1303 764 1377 scripta
797 1317 833 1361 ex
859 1301 1008 1363 veteribus
1035 1299 1094 1364 illis
1120 1297 1202 1357 libris
1226 1313 1285 1357 sec.
1308 1297 1362 1355 XV
1434 1297 1438 1303 '
1497 1267 1508 1303 ’ἵ

203 1408 357 1489 impressis
390 1406 514 1489 repetita
546 1421 606 1468 una
638 1421 705 1470 cum
727 1404 815 1464 Arist.
837 1402 1037 1462 Phisionomia
1063 1401 1100 1460 ad
1121 1399 1318 1459 Alexandrum
1344 1415 1363 1458 e

150 1570 153 1575 .
203 1509 267 1570 cod.
290 1510 386 1573 Berol.
422 1523 510 1586 qoem
543 1513 572 1566 et
605 1523 672 1570 cum
703 1506 832 1570 editione
853 1505 1034 1564 Bononiensi
1059 1499 1097 1581 (a.
1121 1499 1218 1578 1501)
1241 1509 1364 1562 etcum

208 1610 353 1674 theotisca
373 1608 498 1672 loannis
516 1608 676 1673 Lorchneri
698 1608 835 1670 versione
857 1605 915 1683 (ed.
939 1607 1095 1683 dugsburg
1119 1601 1215 1682 1530)
1242 1619 1365 1678 compa·

206 1712 267 1771 ravi
302 1710 448 1792 descripta
481 1719 510 1772 et
533 1710 703 1785 Optieorum
736 1709 907 1783 fragmentis
935 1725 971 1768 ex
992 1710 1215 1774 Bartholomaeo
1238 1703 1361 1780 Anglico

206 1817 236 1874 ct
256 1811 368 1871 loanne
390 1811 515 1876 Peckam
542 1811 673 1875 collectis
701 1810 895 1888 huiedlibello
923 1811 1007 1885 quasi
1033 1811 1181 1886 quandam
1203 1809 1365 1867 documen-

207 1919 305 1974 torum
327 1911 520 1986 appendicem
542 1912 668 1972 adiicere
692 1920 859 1985 statueram,
882 1913 955 1976 haec
977 1913 1028 1972 nbi
1041 1911 1191 1974 etcodicis
1204 1909 1367 1971 Florentini

208 2013 294 2088 eopia
326 2013 398 2076 milri
431 2014 506 2079 laeta
532 2021 561 2075 et
582 2014 620 2074 ad
642 2013 787 2093 liquidum
820 2014 953 2087 quaestio
986 2015 1036 2076 illa
1056 2014 1197 2087 perducta
1219 2011 1306 2070 luerit
1327 2013 1394 2071 de,

206 2114 428 2180 necessitudine
455 2131 531 2197 queo
558 2115 635 2180 inter
658 2115 761 2190 Optiea
782 2114 947 2180 Aristotelis
973 2116 1135 2182 intercedet
1156 2123 1185 2178 et
1206 2114 1368 2174 Ptolemaei

209 2217 246 2274 ab
271 2217 405 2290 Eugenio
438 2217 579 2281 translata
609 2216 640 2277 in
669 2217 774 2277 eodem
807 2217 942 2279 ciusdem
975 2219 1035 2276 iere
1064 2215 1227 2290 argumenti
1254 2215 1368 2274 ambitu

207 2317 354 2379 versantia
381 2313 511 2394 (diversa
537 2316 615 2376 enim
643 2329 746 2382 revera
774 2318 880 2392 scripta
905 2333 972 2378 esse
995 2318 1094 2378 docuit
1115 2319 1183 2379 licet
1205 2317 1300 2376 obiter
1321 2317 1367 2376 in·

209 2425 343 2491 spectum
370 2418 529 2481 Ptolemaei
564 2434 600 2477 ex
633 2420 697 2478 cod.
724 2419 857 2479 Parisino
891 2421 1091 2495 apographum
1124 2437 1149 2478 a.
1173 2417 1257 2480 1820
1283 2419 1368 2478 dnm.

164 2585 168 2591 -
208 2519 334 2579 Bekkeri
365 2519 451 2580 iussu
477 2519 584 2578 factum
617 2520 696 2592 quod
726 2537 793 2587 enm
824 2523 957 2582 eiusdem
985 2522 1083 2601 operis
1112 2522 1213 2582 codiee
1235 2536 1294 2580 see.
1317 2523 1371 2581 XV

209 2619 331 2680 meliore
365 2621 484 2694 quidem
517 2628 547 2682 at
572 2620 744 2695 imperfecto
775 2623 806 2682 in
833 2625 904 2683 bibl.
931 2625 1058 2684 Berolin.
1087 2618 1266 2704 asservatur)
1299 2639 1370 2682 cum

211 2721 276 2780 aliis
310 2737 385 2796 quae
419 2723 456 2782 ad
492 2722 582 2782 huius
619 2723 710 2785 libelli
746 2725 896 2796 materiam
934 2726 1040 2786 saciant
1076 2726 1233 2800 separatim
1264 2733 1373 2801 postea

212 2823 344 2884 edentur.
1237 2807 1240 2818 ’

296 2950 423 3010 linitum
445 2953 574 3014 Barolini
599 2953 646 3013 die
668 2952 710 3015 28
729 2971 767 3015 nr.
792 2953 858 3015 Maii
882 2969 906 3014 a.
931 2949 1024 3015 1854,
