3036 5164
678 357 738 419 105

126 539 158 592 et
187 533 399 592 Platonicorum
432 531 483 604 qui
516 531 742 590 dominabantur
770 531 797 588 in
827 531 932 604 uulgus
962 530 1025 588 latis
1053 529 1284 600 delinitionibus,

126 637 211 693 velut
233 636 269 693 de
292 635 405 692 animae
427 631 560 706 partibus
584 633 660 707 (Eth.
673 633 705 691 N.
720 631 749 703 1,
763 630 826 704 13),
856 633 892 690 dc
915 631 1020 704 triplici
1043 632 1189 690 bonorum
1213 631 1286 690 divi·

127 736 216 794 sione
239 743 268 794 et
290 735 347 794 rita
369 737 453 794 beata
476 733 561 812 (Eud.
575 737 638 793 Eth.
652 733 723 808 2,1.
747 735 783 793 cl.
797 735 860 792 Eth.
874 734 934 792 Nic.
947 731 977 804 1,
989 730 1019 792 8.
1036 733 1120 792 Polit.
1133 731 1162 805 7,
1176 731 1204 792 1.
1220 733 1285 792 Eth.

127 837 164 894 N.
179 835 207 908 1,
220 833 263 912 3),
288 838 324 896 de
346 837 413 896 idea
434 837 504 895 boni
527 844 556 895 et
578 837 698 896 onruino
722 839 758 896 de
780 837 856 896 ideis
879 837 965 912 (Eud.
979 837 1043 894 Eth.
1062 833 1092 908 1,
1108 833 1138 895 8.
1162 835 1287 908 Metaph.

128 936 240 1015 12,1),
265 940 301 997 de
323 953 422 996 rerum
444 939 627 1012 publicarum
650 939 752 998 formis
775 938 898 998 dirersis
922 938 1017 1014 (Polit.
1028 935 1060 1010 3,
1074 935 1102 997 6.
1126 937 1161 994 cl.
1174 943 1289 1010 practer

128 1041 242 1098 Platon.
267 1043 369 1100 eadem
396 1041 457 1098 lere
480 1041 560 1114 apud
582 1041 715 1114 Xenopb.
738 1049 768 1099 et
792 1038 909 1118 isaer),
945 1041 981 1098 dc
1011 1038 1179 1098 discrimine
1212 1037 1289 1096 inter

128 1130 269 1219 ποίησιν
291 1148 320 1198 et
341 1135 465 1221 πρᾶξιν
487 1139 563 1218 (Eth.
581 1142 612 1200 N.
631 1141 660 1214 6,
675 1142 725 1218 4),
761 1144 797 1200 de
826 1141 968 1214 temporis
996 1140 1165 1200 delinitione
1187 1141 1286 1216 (Phys.

128 1244 162 1314 4,
181 1239 248 1316 10y:
273 1257 348 1314 quae
371 1259 475 1302 omnes
498 1245 616 1302 herrant
638 1242 803 1302 Platonicae
819 1242 1009 1316 quaestiones
1024 1242 1054 1300 in
1069 1244 1175 1317 vulgus
1191 1249 1287 1314 nome,

129 1347 169 1404 ab
192 1344 358 1402 oratoribus
380 1347 467 1404 etiam
489 1354 519 1404 ct
541 1344 681 1418 sophistis
705 1351 862 1417 occupatae
885 1354 914 1404 et
936 1345 1192 1403 lerccommunes:
1217 1359 1289 1417 qua·

129 1453 254 1520 propter
275 1441 339 1504 Eth.
362 1448 437 1506 Eud.
454 1445 517 1520 1,8
539 1435 572 1506 οἱ
594 1439 677 1507 κατὰ
700 1437 910 1529 φιλοσοφίαν
932 1437 1027 1528 λύγοι
1042 1445 1060 1502 1.
1079 1462 1104 1504 e.
1120 1461 1224 1504 eorum
1240 1447 1290 1519 qui

127 1558 202 1609 tunc
224 1555 307 1606 erant
328 1548 532 1623 philosophiae
555 1549 687 1622 magistri
709 1549 925 1607 Platonicorum
944 1536 1290 1629 (ο1.οἳένιοῖςλύγοις

127 1653 149 1710 1.
175 1667 201 1708 e.
225 1649 364 1708 Platonici
392 1649 524 1708 idearum
552 1651 684 1724 magistri
707 1652 830 1724 Metaph.
850 1649 918 1722 8,8
938 1651 1002 1722 fiu.;
1037 1640 1069 1710 οἳ
1094 1643 1179 1710 καιολ
1207 1646 1289 1733 φιλ,

127 1745 173 1814 τὰ
201 1744 284 1812 actui
312 1743 384 1834 φιλ.
419 1751 437 1808 1.
462 1767 486 1808 e.
515 1752 699 1826 philosophi,
732 1751 999 1826 philosophemata,
1035 1767 1102 1825 opp.
1135 1745 1178 1813 τὰ
1204 1745 1288 1817 noeti

129 1847 253 1935 τέχνην,
276 1847 318 1914 σοὶ
339 1846 423 1912 κατὰ
447 1847 556 1935 φύσιν,
580 1855 615 1912 ol.
641 1855 677 1912 de
699 1863 772 1927 part.
796 1849 926 1923 an.1,1.
944 1849 1176 1927 Ρο)11.3,12.8,
1191 1855 1288 1931 7etc.)

134 1964 166 2014 et
188 1947 374 2037 ἐξωτερικαὶ
396 1945 492 2036 λύγοι
514 1957 544 2030 (i.
569 1973 594 2014 e.
618 1956 707 2013 iidem
729 1953 946 2012 Platonicorum
969 1960 1115 2026 quatenus
1138 1956 1168 2014 iu
1185 1959 1289 2032 vulgus

131 2065 285 2116 manarant
313 2063 394 2114 extra
420 2058 637 2131 philosophiam
660 2055 826 2130 sermones)
856 2071 914 2114 una
937 2056 1165 2129 coniunguntur.
1209 2060 1289 2118 idem

130 2157 224 2232 igitur
245 2165 315 2216 sunt
343 2149 375 2218 οἱ
397 2149 586 2243 ἓξιστερικοί
612 2148 709 2240 λύγοι
738 2167 825 2232 atque
857 2149 890 2219 οἱ
915 2151 949 2219 ἐν
975 2155 1074 2240 κοινῷ
1102 2149 1291 2242 γιγνόμενοι

130 2261 186 2338 (ita
209 2261 288 2318 enim
310 2263 494 2334 appellantur
516 2263 615 2319 dean.
633 2259 662 2333 1,
679 2262 700 2320 4
722 2263 887 2320 Platonicae
910 2277 945 2319 ex
963 2261 1118 2320 Phaedone
1134 2274 1290 2335 argumen-

129 2363 259 2422 tationes
297 2371 397 2421 coutra
430 2365 660 2422 Heracliteorum
697 2372 726 2422 et
759 2364 940 2422 medicorum
974 2369 1002 2420 et
1034 2363 1220 2434 Empedoclis
1254 2365 1290 2422 de

130 2463 231 2522 anima
265 2479 340 2538 quae
374 2465 412 2523 sit
445 2466 658 2524 contrariorum
692 2466 722 2524 in
750 2481 872 2538 corpore
901 2466 1114 2523 elementorum
1139 2466 1292 2524 harmonia

132 2564 320 2637 seutentiam,
344 2581 403 2624 non
426 2566 505 2624 illam
527 2568 775 2642 Pythagoreorum
798 2574 830 2624 ut
853 2567 984 2624 Plotinus
1012 2567 1098 2624 etiarn
1126 2567 1204 2624 hunc
1226 2567 1291 2626 siue

133 2668 225 2727 dubio
238 2669 336 2726 locum
349 2667 514 2742 respiciens
525 2670 660 2727 sumebat
671 2669 701 2741 4,
714 2666 744 2739 7,
756 2667 777 2728 8
792 2686 820 2741 p.
836 2666 900 2727 862
914 2667 970 2740 Cn,
987 2669 1022 2725 ct’.
1038 2668 1140 2726 Plrilol.
1154 2667 1216 2728 177
1225 2686 1290 2743 sqq.

133 2770 186 2844 qui
208 2770 296 2828 etiam
319 2769 349 2827 iu
371 2769 486 2828 aululae
508 2770 666 2843 tripartitae
689 2770 735 2829 vel
750 2769 977 2843 quadripartitae
992 2770 1146 2842 tribusque
1159 2772 1291 2844 corporis

131 2876 181 2933 vel
203 2881 332 2947 quatuor
353 2872 472 2946 organis
495 2872 605 2930 inditae
626 2873 732 2946 placito
756 2873 834 2944 apud
845 2871 971 2928 Boeokh.
988 2889 1017 2944 p.
1035 2867 1105 2929 159.
1123 2870 1184 2930 191
1209 2874 1288 2945 quod

132 2975 326 3050 Pythagoreis
349 2982 497 3048 tamquam
514 2975 643 3033 Platonis
666 2973 815 3048 magistris
836 2973 965 3030 tribuere
989 2975 1093 3043 solent,
1117 2974 1152 3030 cl.
1176 2981 1292 3047 praeter

132 3080 297 3152 fragmenta
319 3077 394 3134 Plac.
411 3078 460 3150 ph.
477 3078 506 3150 4,
523 3079 552 3136 4.
569 3081 599 3150 4,
616 3074 645 3136 5.
658 3077 796 3134 Posiden.
815 3076 876 3134 Gal.
894 3076 925 3148 V,
941 3073 1014 3134 478.
1031 3073 1093 3136 425
1106 3083 1172 3149 ete,
1195 3077 1291 3135 Plato-

132 3180 220 3239 nicus
233 3187 280 3238 est
291 3178 435 3252 cuiusque
449 3180 599 3238 verbis-
614 3181 694 3237 velut
706 3177 804 3252 quoad
814 3177 971 3250 imaginem
985 3177 1065 3236 vocis
1078 3169 1212 3261 ῥίζωσις
1223 3196 1290 3253 opp.

134 3271 305 3366 ἄνύφσσις
330 3282 430 3340 Galen.
446 3281 478 3351 V,
496 3277 557 3340 531
571 3298 615 3354 sq.
639 3281 675 3338 ol.
693 3277 853 3340 656199.
883 3279 918 3336 cl.
944 3278 1045 3354 Chrys.
1069 3296 1115 3354 ap.
1140 3283 1200 3340 Gal.
1218 3279 1290 3342 288.

134 3383 208 3445 362.
244 3381 445 3442 hinnuli.
480 3385 567 3442 Arist.
592 3386 628 3442 de
651 3399 717 3457 gen.
741 3397 787 3440 an.
809 3381 839 3453 2,
860 3378 1061 3440 77451125.
1096 3383 1132 3440 cl.
1150 3381 1222 3455 740,
1239 3381 1290 3442 26.

135 3489 174 3546 de
196 3495 270 3560 part.
293 3501 339 3543 an.
356 3486 386 3558 2,
402 3483 431 3546 3.
448 3484 520 3559 650,
537 3483 731 3546 ‘ts—aseae.
754 3515 796 3524 -
829 3498 865 3540 ex
889 3481 977 3539 Arist.
1006 3490 1035 3540 et
1053 3470 1173 3542 ”Gaiano
1201 3485 1292 3542 multa

135 3595 264 3663 possunt
286 3589 456 3662 comparari,
479 3589 515 3646 cf.
540 3589 626 3646 ctiam
650 3586 776 3645 similem
798 3584 945 3658 quandam
968 3583 1142 3642 divisionem
1162 3585 1293 3644 Pseudo-

135 3690 321 3766 Pythagorici
343 3708 389 3764 ap.
412 3691 445 3748 D.
461 3691 493 3748 L.
506 3689 537 3761 8,
550 3687 601 3750 30.
618 3690 689 3746 Tim.
703 3691 786 3747 Lacr.
800 3705 828 3762 p.
841 3682 1001 3760 att-100)
1025 3692 1054 3743 ct
1074 3681 1116 3746 τὰ
1137 3677 1292 3768 ἐγκύκλια

136 3795 187 3870 (cl.
208 3785 251 3852 τὰ
274 3783 427 3872 ἐγκύκλια
460 3793 478 3850 1.
502 3809 528 3850 e.
556 3795 759 3866 phaenomena
787 3797 855 3848 nota
878 3795 906 3846 et
928 3789 1058 3861 vulgaria
1081 3791 1291 3864 Meteor.1,1.

136 3885 293 3978 ἐγκύκλια
321 3883 549 3974 διακονήματα
571 3895 656 3952 Polit.
673 3892 702 3966 1,
719 3891 816 3968 tete.)
844 3879 1109 3974 φιλοσοφήμαια
1137 3891 1186 3970 (de
1209 3896 1292 3952 coelo

137 3998 203 4070 1,9
229 4001 265 4058 de
287 4014 323 4056 eo
347 3998 426 4070 quod
450 3998 524 4054 deus
547 3997 585 4054 sit
606 3995 805 4067 immutabilis,
828 3995 892 4053 Eth.
908 3993 941 4050 N.
959 3991 988 4065 1,
1005 3991 1046 4067 3).
1092 3995 1189 4062 Quum
1205 3995 1294 4069 igitur

137 4101 322 4175 dialogorum
345 4114 464 4172 quoque
485 4107 634 4158 auctorem
658 4100 763 4157 dooere
788 4096 923 4154 viderent
952 4096 1112 4154 sententias
1136 4112 1211 4170 quae
1233 4111 1293 4155 non

138 4210 242 4262 esseut
264 4201 428 4260 Aristotelis
454 4201 545 4259 immo
566 4200 736 4273 vulgaribus
759 4207 788 4257 et
809 4198 965 4256 Platonicis
988 4199 1116 4272 aptiores
1140 4196 1187 4274 (el.
1211 4198 1291 4256 Alex.

139 4321 185 4380 ap.
210 4304 309 4364 David.
333 4304 364 4362 in
387 4303 447 4362 Cat.
466 4304 531 4362 241)
553 4299 593 4362 35
627 4292 679 4362 ὅτι
711 4293 745 4360 ἐν
777 4298 847 4373 τοῖς
880 4290 1138 4381 ἀκροαματικοῖς
1168 4293 1209 4360 κά
1237 4295 1292 4360 do-

142 4403 262 4468 κοῢντα
290 4391 378 4487 αύτῷ
402 4397 490 4484 λέγει
516 4401 573 4467 καὶ
602 4399 643 4466 σύ
667 4393 794 4484 ἀληθῆ,
825 4395 859 4464 ἐν
880 4396 918 4488 da*
939 4401 1009 4474 τοῖς
1028 4396 1233 4481 διαλογικσῖς
1254 4396 1295 4462 aei
