3024 5162
806 368 874 442 aa&

264 545 421 606 alexander
442 556 509 623 post
531 547 754 622 Meteoroiogica
777 545 874 604 statim
898 541 1004 602 debere
1028 535 1113 612 sequi
1136 547 1257 598 sumens
1282 521 1325 594 σὰ
1340 519 1419 608 περὶ

264 644 329 711 tabu
363 639 456 726 ζώων
487 641 611 731 μορίων
644 652 696 724 (ad
718 651 835 709 Meteor.
852 647 875 704 ll
897 663 925 720 p.
942 639 1014 702 236.
1039 640 1074 698 ci.
1099 637 1262 713 Olympiod.
1279 637 1313 708 Η,
1331 630 1417 706 168).

266 751 325 814 Sed
352 761 401 812 ant
403 769 507 829 equam
533 755 681 814 zoicornm
708 753 850 812 librorum
877 747 983 806 seriem
1009 758 1172 818 persequar
1207 741 1243 800 ad
1276 736 1419 814 Physieos

267 855 334 914 ilios
357 863 421 915 octo
446 856 496 931 qni
521 855 638 932 proprie
661 853 862 913 inscribuntur
888 851 987 908 rtedea
975 847 1108 920 tdisput
1096 845 1176 904 tatio.
1230 843 1320 902 Recte
1343 839 1419 898 enim

269 957 340 1017 dixit
362 958 541 1034 Porphyrius
571 967 696 1032 quatuor
724 973 790 1016 esse
818 957 854 1013 de
877 959 958 1011 motu
985 969 1042 1012 και
1068 939 1138 1032 ἰδίᾳ
1165 939 1243 1028 περὶ
1263 931 1420 1027 κινήσεως

268 1051 524 1144 ἐπιγράφεσθαι
556 1069 679 1120 testatus
714 1068 759 1120 est
792 1061 852 1132 (ap
889 1054 990 1129 Simpl.
1020 1053 1085 1112 sch.
1107 1048 1179 1120 395,
1196 1049 1237 1110 14
1253 1049 1336 1124 sqq.)
1368 1060 1419 1104 nec

196 1165 204 1182 '
269 1180 372 1224 verum
396 1166 541 1239 estquod
564 1163 731 1236 Simplicius
754 1178 790 1220 ex
812 1156 1061 1244 ipsis'bristotelis
1084 1153 1270 1215 citationibus
1294 1150 1419 1226 quinque

270 1268 395 1344 Physica
417 1269 477 1341 (vel
499 1261 577 1350 περὶ
599 1256 705 1350 ἇρχῶυ
728 1260 885 1348 φυσικῶν,
913 1262 981 1320 lieet
1007 1275 1108 1320 revera
1130 1261 1168 1318 de
1189 1255 1342 1332 principiis
1363 1269 1419 1312 non

273 1372 332 1431 sint
353 1372 412 1431 nisi
438 1371 524 1446 primi
555 1373 630 1429 duo:
665 1371 797 1429 nituntur
824 1366 902 1427 enim
924 1366 990 1422 loco
1013 1360 1178 1420 Aristotelis
1202 1361 1238 1419 de
1261 1359 1344 1418 coelo
1359 1354 1419 1430 1,6

272 1473 323 1530 ubi
345 1473 411 1532 libri
434 1474 510 1532 tertii
534 1475 570 1532 de
592 1473 705 1532 infinito
729 1471 942 1547 disputationes
965 1467 1091 1544 appellat
1112 1462 1254 1538 ancipiter
1274 1453 1351 1534 σούς
1365 1449 1419 1522 λό-

274 1592 352 1658 γους
373 1570 450 1649 τούς
472 1565 506 1636 ἐκ
527 1573 597 1651 τοῖς
619 1569 697 1659 περὶ
722 1569 782 1649 τὰς
809 1563 911 1658 ἀρχὰς
933 1561 1121 1655 εἰρημένους
1142 1555 1234 1650 ἡμῖν)
1268 1565 1361 1624 trihus
1387 1563 1418 1620 de

274 1684 360 1736 motu¹
380 1680 541 1738 continuari
564 1679 689 1755 probare
713 1685 835 1738 conatus
858 1683 903 1737 cst
915 1672 1062 1749 (305,12.
1079 1663 1418 1742 κακῇ-3813134)

274 1778 314 1840 ita
336 1783 434 1856 potius
458 1783 597 1858 distingui
621 1785 726 1842 debere
750 1797 815 1840 cnm
838 1779 985 1854 prioribus
1008 1774 1286 1837 commentatorihus
1307 1772 1372 1832 inde
1387 1771 1418 1828 ab

274 1879 442 1943 Andronico
475 1886 612 1945 omnihus
647 1900 784 1944 asserens
817 1883 956 1958 quodque
986 1881 1025 1940 ita
1055 1879 1117 1938 fieri
1151 1878 1246 1936 solare
1283 1891 1338 1934 nec
1361 1875 1418 1949 ipse

229 2015 232 2020 ,
275 1984 456 2060 Porphyrius
484 1987 623 2046 infitiatus
651 1995 695 2046 est
722 1987 774 2059 (cf.
799 1986 886 2044 etiam
907 1984 1047 2044 Alexand.
1071 1985 1108 2041 ad
1134 1978 1199 2054 1,3
1225 1977 1320 2055 pets,
1335 1975 1374 2042 32
1395 1985 1419 2035 et

277 2087 314 2145 ad
329 2083 380 2159 12,
397 2085 416 2146 1
432 2089 498 2162 in).
543 2087 714 2148 Aristoteles
738 2096 834 2148 autem
858 2089 922 2162 ipsc
945 2104 1036 2162 quum
1057 2081 1344 2160 Physicorumtitulo
1359 2081 1419 2138 citet

277 2187 448 2247 universum
470 2191 542 2250 illud
565 2207 639 2265 opus
661 2207 716 2249 nee
739 2191 874 2264 quintum
896 2191 993 2248 solum
1020 2189 1127 2249 librum
1151 2193 1180 2245 et
1201 2193 1332 2246 courum
1353 2183 1418 2257 (bde-

279 2289 356 2364 taph.
375 2287 425 2364 11,
441 2287 477 2364 8)
513 2294 565 2351 sed
594 2291 679 2352 etiam
708 2293 797 2351 libros
821 2295 857 2352 de
880 2293 962 2350 coeio
987 2300 1014 2351 et
1037 2294 1073 2351 de
1096 2288 1284 2366 generatione
1304 2287 1418 2363 primum

280 2391 420 2466 (Metapb.
437 2391 466 2467 1,
482 2393 512 2456 8.
529 2393 559 2469 7,
576 2393 604 2454 1.
621 2393 672 2468 10,
690 2393 734 2468 6),
763 2394 919 2470 praecipue
941 2400 1038 2453 tamen
1060 2393 1180 2454 nominc
1202 2392 1252 2452 ilio
1275 2388 1418 2450 uniuersali

279 2509 354 2553 usus
377 2504 422 2554 est
444 2498 481 2555 de
502 2498 560 2557 illis
583 2498 665 2556 libris
689 2498 826 2557 omnihus
850 2498 957 2571 quibus
984 2498 1020 2556 de
1035 2495 1165 2572 physicis
1181 2494 1316 2554 universe
1330 2493 1420 2566 dispu-

279 2602 357 2654 tatur
378 2598 429 2670 (cf.
453 2599 535 2658 locos
558 2599 717 2659 abonitzio
735 2601 781 2658 cit.
796 2601 906 2660 Comm.
922 2617 951 2674 p.
965 2597 1000 2672 5)
1023 2613 1208 2674 quorumque
1231 2601 1419 2673 argumentum

281 2696 322 2757 ita
345 2699 483 2760 describit
505 2700 761 2776 Meteor.1,1in.
786 2711 818 2762 ut
841 2705 879 2762 sit
901 2697 1065 2787 περὶτῶν
1085 2691 1227 2786 πρώτων
1247 2691 1354 2764 αἰσίων
1366 2693 1420 2779 τῆς

282 2791 417 2884 φύσεως
439 2804 523 2877 (111.
548 2803 837 2880 11.1,1.184,15)
869 2815 898 2866 ct
920 2799 998 2889 περὶ
1019 2797 1129 2889 πάσης
1151 2795 1312 2888 κινήσεως
1332 2817 1419 2886 φασι

280 2901 340 2988 κῆς
362 2905 531 2980 (ΙΙΙ-1111)
556 2907 617 2968 sive
640 2916 672 2968 ut
694 2910 733 2968 ait
754 2911 840 2985 Phys.
857 2907 922 2984 3,1
953 2911 989 2968 de
1012 2909 1048 2968 iis
1077 2927 1151 2984 quae
1178 2901 1312 2972 πάντων
1336 2897 1418 2968 κοινὰ

282 3003 339 3071 καὶ
360 2999 513 3072 καθόλου
536 3009 622 3074 πᾶσι
638 3011 742 3086 (2001)
758 3011 807 3072 22.
826 3013 882 3086 24)
905 3020 987 3072 motu
1010 3028 1050 3070 sc.
1074 3021 1102 3072 et
1124 3013 1236 3074 infinito
1259 3014 1351 3088 iisque
1365 3009 1419 3068 sine

284 3112 391 3188 quihus
425 3113 524 3171 nullus
560 3130 627 3172 esse
660 3123 757 3174 motus
787 3115 1099 3190 01111111200120)
1133 3115 1197 3176 loco
1231 3123 1260 3176 et
1287 3130 1372 3176 vacuo
1396 3119 1419 3170 et

283 3214 571 3288 temporatia-lv)
596 3223 625 3274 et
648 3205 753 3276 deinde
775 3212 853 3300 περὶ
873 3215 939 3298 ecia
961 3208 1071 3282 ἄλλων
1093 3207 1253 3302 κινήσεων
1265 3215 1419 3294 (332021

283 3312 366 3376 28·
357 3334 376 3374 ι.
401 3317 589 3394 eV-Vill).
633 3321 699 3393 Ipse
722 3321 947 3395 disputationem
971 3324 1065 3399 quinti
1087 3323 1215 3382 iibrit
1176 3320 1328 3398 citans(5,
1335 3319 1418 3388 2-4)

283 3419 330 3480 his
352 3419 436 3480 libris
459 3420 601 3481 contineri
624 3423 693 3483 dicit
681 3417 766 3485 teci
792 3416 945 3488 καθόλου
967 3421 1046 3508 περὶ
1072 3444 1203 3510 φυσεως
1225 3425 1271 3500 (8,
1288 3425 1316 3490 5.
1340 3427 1371 3486 ci.
1392 3424 1421 3481 de

284 3539 350 3599 gen.
375 3532 404 3583 et
425 3541 449 3582 c.
471 3523 500 3598 2,
516 3497 549 3585 9.
572 3523 644 3601 336,
666 3525 716 3590 13.
752 3531 788 3588 de
816 3531 1008 3606 Physicorum
1042 3529 1144 3604 quinto
1176 3539 1320 3590 memorat
1344 3529 1421 3590 Theo

283 3628 451 3702 phrastus
444 3644 474 3686 m
498 3630 622 3705 epistola
648 3648 723 3706 quac
746 3632 810 3692 eins
833 3634 980 3693 ferebatur
1007 3635 1043 3692 ad
1062 3635 1226 3694 Eudemum
1251 3649 1310 3694 see.
1335 3629 1420 3704 Simpl.

282 3728 372 3790 4041]
388 3727 439 3790 10-
452 3731 636 3805 respicientis
659 3735 696 3792 ad
716 3733 804 3794 2261)
820 3733 892 3810 15);
925 3753 1021 3812 ουσιαι
1049 3737 1127 3796 enim
1156 3737 1235 3811 quod
1262 3737 1299 3796 de
1324 3736 1421 3812 quinto,

283 3847 345 3892 non
367 3834 443 3893 vaiet
465 3835 501 3892 de
525 3843 607 3896 sento
630 3838 705 3898 libro
728 3847 806 3898 arcte
829 3840 984 3899 coniuncto
1012 3855 1068 3898 nec
1095 3855 1129 3898 eo
1153 3847 1231 3900 certe
1252 3840 1349 3899 minus
1369 3834 1422 3895 uni·

282 3937 389 3996 uersati
427 3953 483 3996 nec
510 3939 534 3997 si
562 3940 591 3998 in
623 3940 688 4016 ipso
723 3949 824 4001 octavo
857 3942 932 4002 libro
965 3945 1190 4018 praecedentem
1213 3929 1316 4002 ¹huius
1342 3940 1422 4016 ipsius

284 4040 384 4115 scripti
414 4048 526 4114 partem
559 4044 682 4119 Physica
709 4060 749 4103 sc.
778 4045 874 4118 priora
908 4045 975 4106 citat
1007 4038 1193 4121 (δέδεικται
1219 4036 1377 4130 πρότερον
1395 4032 1423 4102 ἓν

283 4140 353 4218 τοῖς
376 4143 545 4226 φυσικοῖς)
577 4163 593 4204 a
620 4148 812 4221 Physicorum
845 4163 913 4207 eum
950 4149 1033 4208 titulo
1066 4149 1232 4225 distinguit,
1266 4147 1423 4226 praesertim

285 4261 373 4321 quem
395 4247 459 4322 ipse
482 4251 519 4308 de
542 4249 624 4308 coelo
640 4247 707 4322 4,3
729 4266 795 4309 cnm
818 4251 939 4326 reliquis
960 4252 1037 4312 intcr
1055 4246 1133 4326 τούς
1153 4245 1306 4336 πρώτους
1320 4244 1424 4335 λόγους

284 4349 400 4434 peierat.
445 4351 525 4408 idem
547 4357 644 4410 tamen
668 4351 744 4411 sicut
765 4353 836 4414 alias
853 4370 970 4429 quoque
982 4356 1172 4431 physicorum
1184 4357 1325 4418 librorum
1336 4356 1423 4430 dispu-

285 4451 411 4516 tationes
433 4453 599 4528 singulares
622 4470 659 4516 ex
679 4456 799 4532 proprio
826 4463 998 4533 argumento
1031 4454 1177 4536 appellare
1199 4461 1276 4522 solet
1300 4461 1377 4524 velut
1395 4457 1425 4516 de

1379 4689 1390 4720 Ι
