3024 5162
635 171 643 210 1

671 355 733 418 ’173

122 522 199 580 16166
227 523 314 596 bago
348 539 485 584 semtoue
512 525 562 603 (116
584 543 651 601 gen.
674 545 721 588 an.
738 527 767 600 1,
784 527 833 588 19.
850 525 905 602 20)
938 532 1139 592 demonstrare
1168 537 1276 596 nitatur

121 613 178 685 ὅτι
198 616 238 684 τὸ
260 620 351 706 θῆλυ
373 619 421 700 εἷς
440 620 500 710 τήν
521 621 650 711 γόνασιν
668 623 768 713 μονήν
788 623 849 707 μὲν
870 621 910 692 οὗ
932 623 1167 711 συμβάλλεται,
1190 653 1274 715 συμ-

120 715 287 802 βάλλεται
319 721 359 791 δέ
389 748 423 790 τι
443 720 604 792 66116171
629 721 717 793 ἐστὶν
749 721 769 814 ἦ
798 730 864 796 τῶν
887 727 1095 818 καταμηνίων
1115 727 1275 814 σύστασις

117 825 207 902 (729,
223 827 274 892 to.
298 831 333 890 cl.
351 829 438 893 72111
453 830 482 892 7.
501 830 573 906 726,
589 831 639 894 31.
657 833 810 896 7271133.
835 837 870 896 61.
895 837 995 899 Galen.
1012 839 1042 911 4,
1059 837 1120 900 615
1132 843 1201 919 sap),
1224 843 1273 903 bit

116 937 222 990 auctor
242 931 273 992 id
294 932 391 1006 ipsum
413 933 538 995 inculcat
560 944 716 1012 6116111666
739 953 843 998 sexum
865 941 997 1000 conferre
1019 932 1069 1014 εἰς
1089 936 1128 1004 ad
1140 937 1273 1027 σπέρμα

116 1026 177 1094 καὶ
207 1027 267 1116 τήν
297 1027 426 1116 γένεσιν
457 1035 495 1113 (6.
518 1035 610 1100 5-6,
634 1041 669 1098 ot
688 1037 840 1101 6361115.
858 1039 909 1102 37.
930 1040 1002 1116 637,
1018 1041 1060 1105 35
1078 1077 1119 1088 -
1135 1043 1207 1119 638,
1224 1044 1271 1125 5)1

118 1151 188 1194 nam
211 1135 319 1194 1616166
341 1153 459 1214 quoque
482 1130 619 1222 γόνιμον
639 1135 796 1224 repeterat
825 1141 909 1220 (637,
925 1144 976 1206 27.
999 1147 1035 1204 61.
1052 1143 1195 1208 eattae
1220 1138 1273 1210 ὅτι

117 1226 198 1320 παρ’
220 1227 349 1320 ἀμφοῖν
370 1231 497 1322 γίνεται
518 1234 657 1324 πρόεσις
671 1242 731 1305 1617
741 1238 939 1327 σπέρματος,
962 1239 993 1310 ei
1007 1240 1272 1333 6111661666)

118 1329 289 1418 ἔσεσθαι),
323 1355 378 1401 666
410 1345 587 1418 peculiarem
620 1348 742 1408 sentinis
770 1349 891 1408 masculi
918 1366 1083 1424 agnoscens
1106 1352 1269 1412 facultatem

118 1443 165 1521 (61
185 1445 274 1503 Arist.
291 1441 321 1516 1,
337 1443 435 1520 2166.
457 1447 486 1520 2,
504 1445 538 1526 3)
561 1465 616 1508 666
638 1449 716 1508 illam
738 1450 892 1525 utriusque
915 1453 1038 1512 seminis
1060 1448 1269 1537 συμμετρίαν,

116 1547 147 1605 16
181 1561 239 1620 que
272 1545 425 1606 deliciante
455 1565 547 1610 causa
578 1559 624 1611 est
652 1551 825 1625 sterilitatis,
859 1555 896 1612 dc
922 1555 1076 1630 potestatis
1102 1555 1268 1619 discrimine

115 1649 197 1708 vario
224 1649 321 1708 calore
348 1649 418 1708 nixo
445 1650 504 1725 (Ar.
527 1669 554 1726 g.
578 1669 624 1712 an.
643 1653 673 1725 4,
691 1652 720 1711 2.
748 1654 785 1712 61.
805 1652 878 1726 723,
896 1653 947 1716 29.
965 1653 1036 1727 729,
1054 1653 1107 1731 17)
1135 1655 1269 1729 iutelligit

118 1753 171 1812 sed
205 1753 242 1810 de
272 1759 405 1824 tempore
438 1753 562 1828 locoque
598 1755 749 1816 mixtionis
782 1757 846 1816 solo
870 1753 908 1830 (6.
929 1754 957 1814 5.
986 1757 1074 1813 debet
1099 1757 1268 1816 6111166666

121 1843 305 1933 ἶσοδραμία.
335 1869 392 1927 661
414 1856 518 1914 eadem
540 1873 612 1916 voce
634 1858 664 1915 in
688 1858 797 1916 aliare
820 1853 1188 1936 661614116177625).
1226 1858 1267 1915 116

121 1971 241 2014 oronam
263 1956 403 2016 sterilium
426 1965 598 2032 argumento
621 1955 723 2034 (63711
739 1957 877 2032 tat-22)
905 1957 934 2016 in
962 1959 1015 2016 bac
1042 1974 1073 2017 re
1095 1959 1207 2034 vulgari
1229 1960 1265 2016 61.

119 2055 349 2128 (111664616.
367 2057 439 2118 624.
465 2060 552 2119 Arist.
569 2057 642 2132 730,
658 2057 708 2122 30.
725 2056 796 2130 737,
812 2056 862 2120 30.
880 2057 968 2121 7571)
983 2059 1025 2119 14
1041 2068 1095 2120 616.
1141 2061 1266 2120 Secutus

115 2159 207 2234 igitur
234 2165 279 2218 est
305 2158 353 2218 bic
379 2167 482 2220 auctor
506 2162 687 2221 medicorum
721 2161 852 2220 omnium
879 2163 1021 2222 rationem
1049 2177 1086 2222 ex
1113 2162 1266 2236 utriusque

113 2277 204 2321 sexus
227 2261 340 2320 sentina
363 2263 453 2321 mixto
477 2263 694 2336 generationem
716 2263 779 2322 lieri
802 2265 1010 2325 declarantium
1029 2272 1058 2323 et
1068 2264 1266 2339 antiquiorum

111 2362 257 2438 (veterum
290 2377 332 2420 sc.
364 2364 554 2438 physicorum
579 2365 765 2441 Empedoclis
794 2366 949 2425 Democriti
976 2366 1165 2440 Anaxagorae
1191 2367 1266 2425 Leo·

108 2467 215 2540 phanis
248 2481 304 2524 nec
335 2479 395 2524 non
422 2466 607 2526 Alcmaeouis
641 2475 670 2526 61
696 2467 878 2526 parmenidis
911 2467 947 2526 de
978 2468 1085 2540 quibus
1111 2467 1198 2526 Arist.
1228 2469 1265 2525 de

109 2583 210 2643 gener.
235 2584 282 2628 an.
300 2567 329 2640 1,
346 2564 495 2641 11661,
511 2565 541 2627 8.
564 2567 639 2640 4,1.
661 2569 693 2640 4,
709 2565 737 2628 3.
773 2567 924 2626 06666116.
948 2583 973 2626 6.
991 2565 1083 2628 5-7.
1118 2567 1263 2642 061664,

108 2669 173 2730 616
189 2685 255 2745 sqq.
271 2669 342 2745 616.)
363 2678 394 2729 61
414 2671 621 2744 posteriorum,
644 2670 753 2745 quippe
774 2670 939 2730 Aristotelis
962 2671 999 2728 de
1020 2671 1110 2730 maris
1121 2678 1264 2744 potestate

107 2787 191 2832 mere
219 2773 333 2832 formali
364 2789 420 2831 nec
446 2772 607 2846 quidquam
634 2774 710 2832 16166
739 2773 877 2832 materiae
900 2788 988 2846 quam
1010 2774 1103 2832 solam
1131 2774 1193 2832 sola
1217 2774 1265 2833 dat

107 2875 219 2936 semina
240 2875 444 2936 contribuendo
467 2873 682 2933 distinctionem
710 2875 788 2933 illam
816 2874 999 2933 subtiliorem
1026 2888 1149 2947 prorsus
1172 2874 1265 2948 negli-

106 2977 243 3054 gentium
266 2976 433 3050 6166111616
459 2993 552 3036 unum
575 2975 726 3050 exceperis
749 2977 929 3036 Athenaeum
956 2974 1004 3052 (61.
1028 2975 1127 3036 Galen.
1144 2976 1175 3048 4,
1191 2973 1262 3038 603.

105 3079 174 3142 604
186 3095 231 3154 sq.
249 3077 321 3140 610.
339 3078 409 3139 612.
427 3077 498 3138 614.
514 3076 587 3139 621.
604 3077 680 3154 626)
701 3077 952 3152 pneumaticorum
974 3077 1172 3138 recentiorum
1183 3078 1264 3153 prin·

106 3183 220 3258 alpem:
255 3182 286 3242 bi
308 3182 387 3242 66116
410 3181 502 3256 616116
525 3180 620 3240 iacere
648 3182 744 3240 solent
765 3181 1006 3254 pbilosophorum
1030 3177 1264 3258 argumentata

106 3285 276 3346 Atistotelis
296 3293 325 3343 ct
347 3284 511 3344 Stoicorum
535 3283 596 3342 Gal.
611 3281 642 3356 8,
655 3281 717 3342 ota
730 3281 940 3355 6191666167,
953 3280 1014 3344 609
1028 3299 1072 3356 66.
1085 3283 1121 3341 61.
1136 3281 1262 3362 61566.)

106 3389 239 3448 66611661
261 3387 347 3460 61666
370 3387 400 3445 16
421 3385 584 3445 medicinae
611 3385 733 3444 historia
759 3385 856 3442 locum
884 3385 1050 3444 obtinentes
1078 3387 1264 3459 6661616161

104 3491 305 3566 pbilosopbos
329 3487 538 3564 Neoplatonici.
583 3487 634 3545 Est
656 3485 734 3543 enirn
757 3485 898 3544 Arataeus
920 3486 969 3544 ille
990 3486 1040 3558 qui
1062 3486 1174 3546 Platoni
1193 3490 1263 3563 1116-

105 3599 260 3669 666111616
282 3589 434 3664 couiungit
455 3595 484 3647 et
494 3588 588 3663 ipsam
603 3587 788 3662 Hippocratis
803 3587 967 3661 dialectum,
984 3587 1163 3647 medicorum
1179 3591 1263 3664 quasi

104 3695 243 3754 Plotiuns
266 3692 407 3765 6661666
430 3692 558 3751 Galenus
581 3690 665 3748 cuius
687 3689 800 3750 theoria
821 3689 1021 3765 physiologica
1044 3697 1072 3750 et
1097 3691 1134 3750 ab
1153 3691 1263 3768 111666-

105 3803 188 3857 crete
212 3802 242 3855 et
262 3795 382 3853 Platone
405 3807 481 3868 qnos
503 3793 581 3852 idem
604 3793 735 3851 sensisse
762 3793 848 3851 docet
870 3801 899 3851 et
920 3794 956 3851 ab
978 3793 1134 3854 Aristotele
1155 3797 1264 3870 pendet

106 3907 136 3959 et
159 3896 355 3974 pneumaticis
378 3897 414 3954 ab
436 3897 493 3954 boc
514 3909 621 3968 genere
643 3895 835 3968 separandus.
880 3894 1007 3956 Galenus
1030 3904 1125 3956 tamen
1149 3897 1263 3971 etipse

105 4002 136 4060 16
162 3999 214 4059 illa
236 4013 268 4058 16
291 4004 392 4057 contra
414 3997 598 4056 Aristotelem
622 3997 702 4056 stetit
723 3993 766 4072 (4,
782 3993 974 4072 sat—534),
997 3998 1121 4057 16611666
1144 4011 1262 4071 quoque

107 4117 188 4174 esse,
211 4115 299 4174 quam
322 4107 418 4158 tamen
441 4097 963 4174 611666116616161666611166611
990 4103 1156 4173 reagentem
1179 4099 1262 4172 66161

107 4202 250 4265 coneedit
275 4203 311 4261 de
334 4215 400 4276 gen.
425 4215 471 4258 an.
488 4201 518 4273 4,
534 4197 563 4273 3,
591 4199 650 4260 vim
676 4202 822 4274 quandam
848 4199 1263 4276 1616616661661616161111-

106 4305 245 4367 tudinem
267 4311 402 4364 natorum
423 4315 492 4362 cutu
514 4302 656 4362 matribus
679 4311 757 4362 16616
779 4317 917 4364 16661666
940 4300 988 4381 (61.
1005 4303 1035 4375 4,
1054 4298 1124 4361 613.
1141 4301 1203 4364 dot
1216 4319 1260 4377 sq.

108 4403 274 4486 606-10)
312 4419 434 4479 eamque
472 4411 500 4462 et
535 4404 627 4476 ipsius
655 4403 838 4478 Hippocratis
866 4404 1038 4466 sententiam
1066 4419 1133 4463 esse
1161 4404 1262 4465 dicens
